<?xml version="1.0" encoding="UTF-8"?>
<!DOCTYPE html PUBLIC "-//W3C//DTD XHTML 1.0 Transitional//EN"
    "http://www.w3.org/TR/xhtml1/DTD/xhtml1-transitional.dtd">
<html xmlns="http://www.w3.org/1999/xhtml" xml:lang="en" lang="en">
 <head>
  <title>
</title>
<meta http-equiv="Content-Type" content="text/html;charset=utf-8" />
  <meta name='ocr-system' content='tesseract 3.04.00' />
  <meta name='ocr-capabilities' content='ocr_page ocr_carea ocr_par ocr_line ocrx_word'/>
</head>
<body>
  <div class='ocr_page' id='page_1' title='image "./povidiinasonism02angugoog_0476.png"; bbox 0 0 3226 5240; ppageno 0'>
   <div class='ocr_carea' id='block_1_1' title="bbox 415 307 1119 418">
    <p class='ocr_par' dir='ltr' id='par_1_1' title="bbox 415 307 1119 418">
     <span class='ocr_line' id='line_1_1' title="bbox 415 307 1119 418; baseline -0.006 -26"><span class='ocrx_word' id='word_1_1' title='bbox 415 307 494 418; x_wconf 70' lang='lat'><em>452</em></span> <span class='ocrx_word' id='word_1_2' title='bbox 749 332 782 390; x_wconf 81' lang='grc' dir='ltr'><em>Ρ.</em></span> <span class='ocrx_word' id='word_1_3' title='bbox 803 331 928 390; x_wconf 78' lang='lat' dir='ltr'><em>ouon</em></span> <span class='ocrx_word' id='word_1_4' title='bbox 955 329 1119 388; x_wconf 73' lang='lat' dir='ltr'><em>ussons</em></span> 
     </span>
    </p>
   </div>
   <div class='ocr_carea' id='block_1_2' title="bbox 318 441 1542 2590">
    <p class='ocr_par' dir='ltr' id='par_1_2' title="bbox 326 441 1265 557">
     <span class='ocr_line' id='line_1_2' title="bbox 326 441 1265 557; baseline -0.009 -23"><span class='ocrx_word' id='word_1_5' title='bbox 326 449 464 534; x_wconf 76' lang='lat' dir='ltr'><em>Diuus</em></span> <span class='ocrx_word' id='word_1_6' title='bbox 482 449 534 530; x_wconf 83' lang='lat' dir='ltr'><em>ab</em></span> <span class='ocrx_word' id='word_1_7' title='bbox 553 445 727 530; x_wconf 75' lang='lat' dir='ltr'><em>excelsu⁴</em></span> <span class='ocrx_word' id='word_1_8' title='bbox 738 461 971 557; x_wconf 78' lang='lat' dir='ltr'><em>prospectet</em></span> <span class='ocrx_word' id='word_1_9' title='bbox 990 445 1131 532; x_wconf 82' lang='lat' dir='ltr'><em>Julius</em></span> <span class='ocrx_word' id='word_1_10' title='bbox 1148 441 1265 527; x_wconf 83' lang='lat' dir='ltr'><strong><em>aede.</em></strong></span> 
     </span>
    </p>

    <p class='ocr_par' dir='ltr' id='par_1_3' title="bbox 320 555 1542 1574">
     <span class='ocr_line' id='line_1_3' title="bbox 386 555 1399 668; baseline 0.002 -28"><span class='ocrx_word' id='word_1_11' title='bbox 386 561 478 650; x_wconf 76' lang='lat' dir='ltr'><em>Vix</em></span> <span class='ocrx_word' id='word_1_12' title='bbox 497 589 546 641; x_wconf 91' lang='lat' dir='ltr'><em>ea</em></span> <span class='ocrx_word' id='word_1_13' title='bbox 555 561 679 668; x_wconf 87' lang='lat' dir='ltr'><em>fotus</em></span> <span class='ocrx_word' id='word_1_14' title='bbox 697 575 805 660; x_wconf 87' lang='lat' dir='ltr'><em>erat,</em></span> <span class='ocrx_word' id='word_1_15' title='bbox 825 556 968 642; x_wconf 74' lang='lat' dir='ltr'><em>medio</em></span> <span class='ocrx_word' id='word_1_16' title='bbox 987 587 1080 642; x_wconf 83' lang='lat' dir='ltr'><em>curn</em></span> <span class='ocrx_word' id='word_1_17' title='bbox 1098 555 1197 641; x_wconf 77' lang='lat' dir='ltr'><em>sede</em></span> <span class='ocrx_word' id='word_1_18' title='bbox 1214 557 1399 642; x_wconf 82' lang='lat' dir='ltr'><em>Senatus</em></span> 
     </span>
     <span class='ocr_line' id='line_1_4' title="bbox 329 668 1362 782; baseline -0.002 -26"><span class='ocrx_word' id='word_1_19' title='bbox 329 672 522 756; x_wconf 80' lang='lat' dir='ltr'><em>Constitit</em></span> <span class='ocrx_word' id='word_1_20' title='bbox 541 673 653 754; x_wconf 86' lang='lat' dir='ltr'><em>alma</em></span> <span class='ocrx_word' id='word_1_21' title='bbox 676 671 818 760; x_wconf 87' lang='lat' dir='ltr'><em>Venus</em></span> <span class='ocrx_word' id='word_1_22' title='bbox 838 671 947 754; x_wconf 79' lang='lat' dir='ltr'><em>nulli</em></span> <span class='ocrx_word' id='word_1_23' title='bbox 963 668 1195 770; x_wconf 72' lang='lat' dir='ltr'><em>censenda,</em></span> <span class='ocrx_word' id='word_1_24' title='bbox 1212 672 1362 782; x_wconf 80' lang='lat' dir='ltr'><em>suique</em></span> 
     </span>
     <span class='ocr_line' id='line_1_5' title="bbox 327 780 1542 895; baseline -0.003 -23"><span class='ocrx_word' id='word_1_25' title='bbox 327 785 520 872; x_wconf 75' lang='lat' dir='ltr'><em>Gtesoris</em></span> <span class='ocrx_word' id='word_1_26' title='bbox 538 786 685 895; x_wconf 77' lang='lat' dir='ltr'><em>eripuit</em></span> <span class='ocrx_word' id='word_1_27' title='bbox 704 784 912 885; x_wconf 86' lang='lat' dir='ltr'><em>membris,</em></span> <span class='ocrx_word' id='word_1_28' title='bbox 932 812 1010 867; x_wconf 89' lang='lat' dir='ltr'><em>neo</em></span> <span class='ocrx_word' id='word_1_29' title='bbox 1028 786 1072 866; x_wconf 87' lang='lat' dir='ltr'><em>ia</em></span> <span class='ocrx_word' id='word_1_30' title='bbox 1090 797 1192 868; x_wconf 71' lang='lat' dir='ltr'><em>aero</em></span> <span class='ocrx_word' id='word_1_31' title='bbox 1209 783 1318 868; x_wconf 81' lang='lat' dir='ltr'><em>solui</em></span> <span class='ocrx_word' id='word_1_32' title='bbox 1462 780 1542 893; x_wconf 74' lang='lat'><em>845</em></span> 
     </span>
     <span class='ocr_line' id='line_1_6' title="bbox 323 896 1504 996; baseline 0.002 -15"><span class='ocrx_word' id='word_1_33' title='bbox 323 899 462 981; x_wconf 83' lang='lat' dir='ltr'><em>Passa</em></span> <span class='ocrx_word' id='word_1_34' title='bbox 481 915 680 980; x_wconf 67' lang='lat' dir='ltr'><em>recentem</em></span> <span class='ocrx_word' id='word_1_35' title='bbox 699 898 904 996; x_wconf 83' lang='lat' dir='ltr'><em>animam,</em></span> <span class='ocrx_word' id='word_1_36' title='bbox 923 896 1170 980; x_wconf 81' lang='lat' dir='ltr'><em>caelestibus</em></span> <span class='ocrx_word' id='word_1_37' title='bbox 1187 897 1329 980; x_wconf 74' lang='lat' dir='ltr'><em>intulit</em></span> <span class='ocrx_word' id='word_1_38' title='bbox 1348 899 1504 982; x_wconf 86' lang='lat' dir='ltr'><em>astris.</em></span> 
     </span>
     <span class='ocr_line' id='line_1_7' title="bbox 321 1009 1526 1121; baseline 0 -29"><span class='ocrx_word' id='word_1_39' title='bbox 321 1009 518 1121; x_wconf 82' lang='lat' dir='ltr'><em>Dumque</em></span> <span class='ocrx_word' id='word_1_40' title='bbox 537 1011 643 1102; x_wconf 78' lang='lat' dir='ltr'><em>tulit,</em></span> <span class='ocrx_word' id='word_1_41' title='bbox 662 1011 799 1092; x_wconf 89' lang='lat' dir='ltr'><em>lumen</em></span> <span class='ocrx_word' id='word_1_42' title='bbox 817 1038 976 1120; x_wconf 84' lang='lat' dir='ltr'><em>capere,</em></span> <span class='ocrx_word' id='word_1_43' title='bbox 995 1025 1118 1120; x_wconf 82' lang='lat' dir='ltr'><em>atque</em></span> <span class='ocrx_word' id='word_1_44' title='bbox 1136 1011 1348 1120; x_wconf 80' lang='lat' dir='ltr'><em>ignoscere</em></span> <span class='ocrx_word' id='word_1_45' title='bbox 1365 1014 1526 1120; x_wconf 84' lang='lat' dir='ltr'><em>sensit,</em></span> 
     </span>
     <span class='ocr_line' id='line_1_8' title="bbox 324 1121 1236 1233; baseline -0.002 -28"><span class='ocrx_word' id='word_1_46' title='bbox 324 1121 370 1205; x_wconf 84' lang='grc' dir='ltr'><em>Ε</em></span> <span class='ocrx_word' id='word_1_47' title='bbox 372 1125 563 1233; x_wconf 77' lang='lat' dir='ltr'><em>misitque</em></span> <span class='ocrx_word' id='word_1_48' title='bbox 581 1125 688 1205; x_wconf 86' lang='lat' dir='ltr'><em>sinu.</em></span> <span class='ocrx_word' id='word_1_49' title='bbox 708 1123 831 1206; x_wconf 88' lang='lat' dir='ltr'><em>Luna</em></span> <span class='ocrx_word' id='word_1_50' title='bbox 853 1121 970 1206; x_wconf 84' lang='lat' dir='ltr'><em>volat</em></span> <span class='ocrx_word' id='word_1_51' title='bbox 989 1124 1118 1206; x_wconf 87' lang='lat' dir='ltr'><em>altius</em></span> <span class='ocrx_word' id='word_1_52' title='bbox 1136 1123 1236 1217; x_wconf 75' lang='lat' dir='ltr'><em>itta,</em></span> 
     </span>
     <span class='ocr_line' id='line_1_9' title="bbox 326 1235 1424 1347; baseline 0 -29"><span class='ocrx_word' id='word_1_53' title='bbox 326 1237 713 1347; x_wconf 77' lang='lat' dir='ltr'><em>Flammr&#39;ferumque</em></span> <span class='ocrx_word' id='word_1_54' title='bbox 731 1235 897 1318; x_wconf 74' lang='lat' dir='ltr'><em>trahens</em></span> <span class='ocrx_word' id='word_1_55' title='bbox 913 1237 1097 1344; x_wconf 84' lang='lat' dir='ltr'><em>spatioso</em></span> <span class='ocrx_word' id='word_1_56' title='bbox 1116 1235 1244 1318; x_wconf 82' lang='lat' dir='ltr'><em>limite</em></span> <span class='ocrx_word' id='word_1_57' title='bbox 1261 1237 1424 1320; x_wconf 85' lang='lat' dir='ltr'><em>crinem</em></span> 
     </span>
     <span class='ocr_line' id='line_1_10' title="bbox 321 1345 1539 1456; baseline 0.009 -30"><span class='ocrx_word' id='word_1_58' title='bbox 321 1349 451 1428; x_wconf 82' lang='lat' dir='ltr'><em>Stella</em></span> <span class='ocrx_word' id='word_1_59' title='bbox 472 1349 619 1446; x_wconf 59' lang='lat' dir='ltr'><em>micot-</em></span> <span class='ocrx_word' id='word_1_60' title='bbox 638 1349 808 1456; x_wconf 83' lang='lat' dir='ltr'><em>notique</em></span> <span class='ocrx_word' id='word_1_61' title='bbox 827 1345 970 1430; x_wconf 83' lang='lat' dir='ltr'><em>videns</em></span> <span class='ocrx_word' id='word_1_62' title='bbox 989 1349 1221 1456; x_wconf 79' lang='lat' dir='ltr'><em>benefacta,</em></span> <span class='ocrx_word' id='word_1_63' title='bbox 1229 1349 1401 1456; x_wconf 85' lang='lat' dir='ltr'><em>fatetur</em></span> <span class='ocrx_word' id='word_1_64' title='bbox 1458 1349 1539 1436; x_wconf 87' lang='lat'><em>850</em></span> 
     </span>
     <span class='ocr_line' id='line_1_11' title="bbox 320 1459 1279 1574; baseline 0.001 -31"><span class='ocrx_word' id='word_1_65' title='bbox 320 1459 432 1544; x_wconf 85' lang='lat' dir='ltr'><em>Esse</em></span> <span class='ocrx_word' id='word_1_66' title='bbox 451 1462 539 1542; x_wconf 85' lang='lat' dir='ltr'><em>suis</em></span> <span class='ocrx_word' id='word_1_67' title='bbox 558 1461 738 1574; x_wconf 82' lang='lat' dir='ltr'><em>majora,</em></span> <span class='ocrx_word' id='word_1_68' title='bbox 756 1477 795 1542; x_wconf 88' lang='lat' dir='ltr'><em>et</em></span> <span class='ocrx_word' id='word_1_69' title='bbox 814 1462 928 1544; x_wconf 82' lang='lat' dir='ltr'><em>vinei</em></span> <span class='ocrx_word' id='word_1_70' title='bbox 942 1459 1101 1572; x_wconf 81' lang='lat' dir='ltr'><em>gaudet</em></span> <span class='ocrx_word' id='word_1_71' title='bbox 1118 1463 1172 1542; x_wconf 83' lang='lat' dir='ltr'><em>ab</em></span> <span class='ocrx_word' id='word_1_72' title='bbox 1192 1462 1279 1544; x_wconf 84' lang='lat' dir='ltr'><em>illo.</em></span> 
     </span>
    </p>

    <p class='ocr_par' dir='ltr' id='par_1_4' title="bbox 320 1573 1447 1912">
     <span class='ocr_line' id='line_1_12' title="bbox 320 1573 1447 1683; baseline 0.004 -29"><span class='ocrx_word' id='word_1_73' title='bbox 320 1573 406 1655; x_wconf 80' lang='lat' dir='ltr'><em>Hr&#39;o</em></span> <span class='ocrx_word' id='word_1_74' title='bbox 425 1601 501 1658; x_wconf 87' lang='lat' dir='ltr'><em>sua</em></span> <span class='ocrx_word' id='word_1_75' title='bbox 515 1575 721 1682; x_wconf 57' lang='lat' dir='ltr'><em>praeferri</em></span> <span class='ocrx_word' id='word_1_76' title='bbox 737 1602 975 1683; x_wconf 80' lang='lat' dir='ltr'><em>quanquam</em></span> <span class='ocrx_word' id='word_1_77' title='bbox 995 1589 1103 1658; x_wconf 80' lang='lat' dir='ltr'><em>uetat</em></span> <span class='ocrx_word' id='word_1_78' title='bbox 1120 1591 1220 1656; x_wconf 86' lang='lat' dir='ltr'><em>acto</em></span> <span class='ocrx_word' id='word_1_79' title='bbox 1234 1577 1447 1680; x_wconf 84' lang='lat' dir='ltr'><em>paternis,</em></span> 
     </span>
     <span class='ocr_line' id='line_1_13' title="bbox 322 1685 1382 1800; baseline 0.003 -32"><span class='ocrx_word' id='word_1_80' title='bbox 322 1687 472 1769; x_wconf 63' lang='lat' dir='ltr'><em>Libera</em></span> <span class='ocrx_word' id='word_1_81' title='bbox 480 1687 605 1792; x_wconf 86' lang='lat' dir='ltr'><em>forna</em></span> <span class='ocrx_word' id='word_1_82' title='bbox 623 1703 778 1784; x_wconf 87' lang='lat' dir='ltr'><em>tamen,</em></span> <span class='ocrx_word' id='word_1_83' title='bbox 798 1685 1004 1796; x_wconf 82' lang='lat' dir='ltr'><em>nullisque</em></span> <span class='ocrx_word' id='word_1_84' title='bbox 1023 1687 1209 1768; x_wconf 77' lang='lat' dir='ltr'><em>obnoxia</em></span> <span class='ocrx_word' id='word_1_85' title='bbox 1216 1687 1382 1800; x_wconf 83' lang='lat' dir='ltr'><em>jussis,</em></span> 
     </span>
     <span class='ocr_line' id='line_1_14' title="bbox 323 1799 1335 1912; baseline 0.001 -32"><span class='ocrx_word' id='word_1_86' title='bbox 323 1799 501 1882; x_wconf 77' lang='lat' dir='ltr'><em>Invitum</em></span> <span class='ocrx_word' id='word_1_87' title='bbox 515 1799 719 1906; x_wconf 84' lang='lat' dir='ltr'><em>praefert,</em></span> <span class='ocrx_word' id='word_1_88' title='bbox 739 1801 903 1909; x_wconf 70' lang='lat' dir='ltr'><em>unaque</em></span> <span class='ocrx_word' id='word_1_89' title='bbox 920 1799 965 1879; x_wconf 83' lang='lat' dir='ltr'><em>in</em></span> <span class='ocrx_word' id='word_1_90' title='bbox 979 1814 1100 1907; x_wconf 90' lang='lat' dir='ltr'><em>porte</em></span> <span class='ocrx_word' id='word_1_91' title='bbox 1119 1816 1335 1912; x_wconf 73' lang='lat' dir='ltr'><em>opugnat.</em></span> 
     </span>
    </p>

    <p class='ocr_par' dir='ltr' id='par_1_5' title="bbox 320 1909 1540 2249">
     <span class='ocr_line' id='line_1_15' title="bbox 321 1909 1540 2022; baseline 0.002 -28"><span class='ocrx_word' id='word_1_92' title='bbox 321 1913 394 1995; x_wconf 84' lang='lat' dir='ltr'><em>Sic</em></span> <span class='ocrx_word' id='word_1_93' title='bbox 414 1911 562 2021; x_wconf 77' lang='lat' dir='ltr'><em>magni</em></span> <span class='ocrx_word' id='word_1_94' title='bbox 579 1909 690 1993; x_wconf 80' lang='lat' dir='ltr'><em>cedit</em></span> <span class='ocrx_word' id='word_1_95' title='bbox 708 1909 842 1994; x_wconf 80' lang='lat' dir='ltr'><em>titulis</em></span> <span class='ocrx_word' id='word_1_96' title='bbox 861 1913 1196 2022; x_wconf 79' lang='lat' dir='ltr'><em>Agamemnonis</em></span> <span class='ocrx_word' id='word_1_97' title='bbox 1215 1911 1397 2003; x_wconf 78' lang='lat' dir='ltr'><em>Atreus:</em></span> <span class='ocrx_word' id='word_1_98' title='bbox 1456 1912 1540 2001; x_wconf 77' lang='lat'><em>855</em></span> 
     </span>
     <span class='ocr_line' id='line_1_16' title="bbox 321 2021 1389 2136; baseline 0.001 -27"><span class='ocrx_word' id='word_1_99' title='bbox 321 2023 461 2136; x_wconf 79' lang='lat' dir='ltr'><em>AEgea</em></span> <span class='ocrx_word' id='word_1_100' title='bbox 480 2025 545 2106; x_wconf 80' lang='lat' dir='ltr'><em>sio</em></span> <span class='ocrx_word' id='word_1_101' title='bbox 565 2021 767 2123; x_wconf 71' lang='lat' dir='ltr'><em>Theseus,</em></span> <span class='ocrx_word' id='word_1_102' title='bbox 786 2025 851 2106; x_wconf 83' lang='lat' dir='ltr'><em>sio</em></span> <span class='ocrx_word' id='word_1_103' title='bbox 874 2025 1001 2110; x_wconf 86' lang='lat' dir='ltr'><em>Peleo</em></span> <span class='ocrx_word' id='word_1_104' title='bbox 1022 2024 1161 2108; x_wconf 83' lang='lat' dir='ltr'><em>ur&#39;noit</em></span> <span class='ocrx_word' id='word_1_105' title='bbox 1182 2024 1389 2110; x_wconf 74' lang='lat' dir='ltr'><em>Achilles.</em></span> 
     </span>
     <span class='ocr_line' id='line_1_17' title="bbox 320 2136 1382 2249; baseline -0.002 -27"><span class='ocrx_word' id='word_1_106' title='bbox 320 2137 531 2246; x_wconf 85' lang='lat' dir='ltr'><em>Denique,</em></span> <span class='ocrx_word' id='word_1_107' title='bbox 552 2153 597 2218; x_wconf 95' lang='lat' dir='ltr'><em>ut</em></span> <span class='ocrx_word' id='word_1_108' title='bbox 616 2136 820 2248; x_wconf 67' lang='lat' dir='ltr'><em>enemplis</em></span> <span class='ocrx_word' id='word_1_109' title='bbox 839 2137 953 2245; x_wconf 83' lang='lat' dir='ltr'><em>ipsos</em></span> <span class='ocrx_word' id='word_1_110' title='bbox 971 2138 1246 2249; x_wconf 78' lang='lat' dir='ltr'><em>aequantibus</em></span> <span class='ocrx_word' id='word_1_111' title='bbox 1265 2154 1382 2238; x_wconf 90' lang='lat' dir='ltr'><em>utar,</em></span> 
     </span>
    </p>

    <p class='ocr_par' dir='ltr' id='par_1_6' title="bbox 318 2249 1413 2590">
     <span class='ocr_line' id='line_1_18' title="bbox 318 2249 1394 2360; baseline 0.002 -27"><span class='ocrx_word' id='word_1_112' title='bbox 318 2249 392 2334; x_wconf 80' lang='lat' dir='ltr'><em>Sic</em></span> <span class='ocrx_word' id='word_1_113' title='bbox 412 2267 450 2330; x_wconf 91' lang='lat' dir='ltr'><em>et</em></span> <span class='ocrx_word' id='word_1_114' title='bbox 471 2249 679 2332; x_wconf 86' lang='lat' dir='ltr'><em>Saturnus</em></span> <span class='ocrx_word' id='word_1_115' title='bbox 697 2249 837 2332; x_wconf 83' lang='lat' dir='ltr'><em>minor</em></span> <span class='ocrx_word' id='word_1_116' title='bbox 850 2265 913 2331; x_wconf 89' lang='lat' dir='ltr'><em>est</em></span> <span class='ocrx_word' id='word_1_117' title='bbox 932 2250 1043 2336; x_wconf 83' lang='lat' dir='ltr'><em>Jove.</em></span> <span class='ocrx_word' id='word_1_118' title='bbox 1062 2249 1254 2360; x_wconf 82' lang='lat' dir='ltr'><em>Juppiter</em></span> <span class='ocrx_word' id='word_1_119' title='bbox 1270 2279 1394 2335; x_wconf 89' lang='lat' dir='ltr'><em>aroes</em></span> 
     </span>
     <span class='ocr_line' id='line_1_19' title="bbox 326 2359 1407 2474; baseline 0.009 -35"><span class='ocrx_word' id='word_1_120' title='bbox 326 2363 541 2470; x_wconf 81' lang='lat' dir='ltr'><em>Temperat</em></span> <span class='ocrx_word' id='word_1_121' title='bbox 561 2361 793 2461; x_wconf 77' lang='lat' dir='ltr'><em>aethereas,</em></span> <span class='ocrx_word' id='word_1_122' title='bbox 812 2376 852 2442; x_wconf 87' lang='lat' dir='ltr'><em>et</em></span> <span class='ocrx_word' id='word_1_123' title='bbox 871 2359 1020 2444; x_wconf 86' lang='lat' dir='ltr'><em>mundi</em></span> <span class='ocrx_word' id='word_1_124' title='bbox 1035 2391 1166 2474; x_wconf 78' lang='lat' dir='ltr'><em>regna</em></span> <span class='ocrx_word' id='word_1_125' title='bbox 1184 2364 1407 2473; x_wconf 62' lang='lat' dir='ltr'><em>trifornu&#39;se</em></span> 
     </span>
     <span class='ocr_line' id='line_1_20' title="bbox 327 2473 1413 2590; baseline 0.006 -33"><span class='ocrx_word' id='word_1_126' title='bbox 327 2475 456 2557; x_wconf 82' lang='lat' dir='ltr'><em>Terra</em></span> <span class='ocrx_word' id='word_1_127' title='bbox 474 2473 548 2554; x_wconf 83' lang='lat' dir='ltr'><em>suh</em></span> <span class='ocrx_word' id='word_1_128' title='bbox 569 2475 785 2584; x_wconf 79' lang='lat' dir='ltr'><em>Augusto:</em></span> <span class='ocrx_word' id='word_1_129' title='bbox 797 2489 921 2584; x_wconf 89' lang='lat' dir='ltr'><em>pater</em></span> <span class='ocrx_word' id='word_1_130' title='bbox 937 2491 997 2559; x_wconf 88' lang='lat' dir='ltr'><em>est</em></span> <span class='ocrx_word' id='word_1_131' title='bbox 1016 2491 1054 2558; x_wconf 91' lang='lat' dir='ltr'><em>et</em></span> <span class='ocrx_word' id='word_1_132' title='bbox 1073 2491 1211 2560; x_wconf 89' lang='lat' dir='ltr'><em>rector</em></span> <span class='ocrx_word' id='word_1_133' title='bbox 1227 2491 1413 2590; x_wconf 70' lang='lat' dir='ltr'><em>uterque.</em></span> 
     </span>
    </p>
   </div>
   <div class='ocr_carea' id='block_1_3' title="bbox 0 0 1618 5240">
    <p class='ocr_par' dir='ltr' id='par_1_7' title="bbox 0 0 1618 5240">
     <span class='ocr_line' id='line_1_21' title="bbox 0 0 1618 5240; baseline 0 4"><span class='ocrx_word' id='word_1_134' title='bbox 0 0 1618 5240; x_wconf 95' lang='lat' dir='ltr'><em> </em></span> 
     </span>
    </p>
   </div>
  </div>
 </body>
</html>
