3316 5246
381 387 464 488 244
707 403 743 462 Ρ.
763 401 891 462 ovmn
920 399 1086 462 ussoms

291 523 447 619 Tibris,
465 537 505 602 et
520 518 566 602 in
581 515 728 632 gelida
741 535 959 629 ponentem
977 545 1153 628 corpora
1173 520 1279 629 ripa.

294 637 394 719 [llic
412 661 506 717 eum
525 633 728 744 laerymis
746 633 860 742 ipsos
878 629 1095 714 modulata
1113 628 1300 733 dolores,

300 751 435 836 Verba
454 774 556 830 sono
575 748 692 826 tenui
708 773 891 828 maerens
899 745 1132 853 fundebat3
1153 761 1198 826 ut
1211 747 1310 829 olim

297 862 494 947 Carmina
504 860 597 971 jam
617 861 794 940 moriens
813 859 929 941 canit
947 856 1211 970 exsequialia
1226 887 1408 969 cygnus.
1423 860 1511 969 430

289 976 492 1060 Luctibus
509 974 704 1056 extremis
724 989 885 1054 teneras
903 972 1134 1081 liquefacta
1153 971 1357 1058 medullas
1448 1016 1451 1024 ¹

297 1089 466 1185 Tabuit;
484 1085 608 1197 inque
620 1087 726 1168 leves
734 1086 958 1196 paullatim
976 1087 1151 1168 evanuit
1169 1115 1308 1169 auras.

292 1206 433 1288 Fama
451 1217 587 1282 tamen
614 1200 786 1312 signata
811 1198 1012 1297 tomen,
1039 1225 1160 1308 quem
1185 1199 1262 1281 rite
1284 1199 1512 1288 Canentem

293 1313 473 1401 Nomine
492 1310 545 1394 de
562 1311 785 1422 Nymphae
804 1327 964 1392 veteres
982 1311 1131 1396 dixere
1155 1310 1397 1400 Camoenae.

294 1427 422 1511 Talia
441 1425 569 1508 multa
587 1424 691 1506 milti
707 1425 878 1536 longum
897 1440 1070 1508 narrata
1083 1454 1162 1535 pes·
1176 1453 1358 1530 annum,
1422 1427 1511 1538 435

298 1539 485 1652 Visaque
501 1554 610 1622 sunt.
630 1535 801 1621 Resides
819 1553 858 1617 et
892 1535 1164 1621 desuetudine
1182 1537 1298 1622 tardi

293 1653 451 1736 Rursus
470 1652 576 1734 inire
583 1653 741 1760 fretum
757 1714 767 1752 ‚
785 1679 928 1734 rursus
946 1649 1048 1732 dare
1065 1651 1166 1733 vela
1175 1650 1392 1761 jubemus.-

298 1765 599 1890 Ancspitesqua
617 1763 725 1866 vias,
744 1780 783 1848 et
802 1763 884 1848 iter·
900 1764 1072 1860 Titania
1090 1781 1259 1853 vastum

358 4241 432 4312 ⁴³⁰*
451 4237 593 4295 certain..
624 4241 749 4313 cyanum
770 4247 918 4316 tamquam
944 4241 1088 4317 Apollinis
1112 4261 1218 4310 auem,
1229 4241 1298 4317 sati
1318 4249 1365 4306 sui
1383 4251 1524 4326 apptati·

301 4331 407 4388 mantis
424 4333 586 4404 praescium
616 4331 784 4386 suavissime
803 4347 907 4386 canere
932 4333 1060 4388 scribunt
1080 4335 1170 4391 Plato
1206 4337 1237 4391 in
1257 4336 1430 4406 Phaedone,
1465 4343 1524 4398 Cic.

303 4423 388 4484 Tusa.
420 4429 530 4499 quaest.
555 4439 579 4476 ι.
606 4417 816 4490 Callimachus,
848 4421 1060 4493 Philostratus,
1083 4427 1256 4501 Oppianus,
1280 4429 1445 4497 Leontius,
1469 4429 1524 4486 alii

302 4531 454 4576 innumeri.
