3252 5256
387 254 434 342 16
715 287 749 346 r.
770 287 898 346 orion
926 285 1093 346 sssoms

294 405 404 486 Post
431 401 702 513 clypeumque
723 403 824 510 late,
845 419 884 485 et
901 431 1060 486 meeum
1080 401 1283 486 contende
1306 407 1380 486 sub
1400 406 1474 486 illo

296 519 359 599 At
373 531 592 625 postquam
611 516 767 626 eripui,
797 517 870 598 cui
885 513 1031 598 standi
1047 514 1214 598 astinem
1234 517 1339 600 vires
1453 516 1507 600 80

296 627 395 713 Nou
414 625 642 722 (lederent,
660 629 775 712 nullo
793 627 987 712 tardatus
1006 629 1168 712 vulnere
1179 630 1317 739 fugit.

296 742 456 824 Hector
469 737 613 824 adest:
634 769 852 854 seerunque
871 741 988 826 Deos
1006 741 1052 822 in
1067 743 1233 851 praelia
1251 741 1384 824 deicit.

301 856 478 966 Quoque
496 855 604 951 ruit,
624 883 707 939 non
726 873 770 938 tu
790 873 951 938 tantum
972 856 1165 948 terreris,
1188 853 1370 958 Ulysse,

295 966 527 1074 Sedfortes
544 969 695 1055 etiam:
712 985 872 1052 tantum
891 969 1018 1050 trahit
1036 967 1109 1048 ille
1128 971 1302 1050 timoris.

296 1080 424 1163 Hune
442 1109 519 1194 ego
538 1082 796 1194 sanguineae
812 1110 1010 1166 successu
1030 1079 1175 1163 caedis
1195 1097 1381 1165 orantem
1458 1075 1511 1161 85

298 1192 494 1277 Cominus
510 1194 674 1305 ingenti
687 1199 922 1306 resupinum
939 1191 1241 1306 ponderefudi.

294 1306 422 1390 Hune
439 1335 517 1416 ega
530 1325 794 1416 poscentem,
813 1337 908 1390 aum
926 1336 1009 1418 quo
1026 1323 1306 1396 concurreret,
1325 1335 1448 1390 unus.

295 1419 508 1530 Sustinui,
526 1435 753 1531 sortemque
772 1449 903 1502 meam
921 1420 1109 1524 vovistis,
1130 1419 1305 1504 Aelu'vi.

296 1528 359 1614 Et
378 1548 533 1615 restrae
551 1533 715 1616 valuere
726 1559 882 1643 preces.
902 1535 952 1620 Si
969 1533 1167 1642 quaeritis
1186 1532 1310 1644 liujus

296 1641 524 1728 Fortunam
544 1673 740 1758 pugnae3
758 1675 842 1730 non
860 1675 951 1730 sum
970 1661 1187 1756 superatus
1205 1647 1258 1728 ab
1277 1644 1363 1728 illo.
1450 1672 1504 1756 90

337 3871 382 3938 ⁸7·
401 3865 578 3926 Poscentem.
601 3871 636 3928 11.
658 3892 684 3946 7.
707 3874 814 3932 tractor
835 3895 851 3931 e
871 3879 990 3934 Graecis
1011 3876 1132 3936 dacibus
1153 3881 1279 3958 aliquem
1299 3881 1340 3937 ad
1361 3883 1510 3957 angulare

280 3965 423 4014 certamen
441 3963 705 4034 provocat.Nouem
714 3961 889 4040 fortissimi,
908 3989 945 4025 eu
964 3973 1085 4029 consilio
1104 3971 1246 4041 Nestoris,
1266 3977 1338 4030 sorti
1357 3994 1417 4030 rem
1437 3993 1509 4032 cam·

167 4105 175 4110 ,
279 4049 426 4117 miserunt,
445 4053 516 4108 exiit
535 4070 599 4110 sors
618 4054 718 4113 Aiacis
741 4057 915 4117 Telamonir'.

338 4145 382 4197 88.
405 4141 571 4220 sortemque
591 4165 683 4205 meam
705 4148 821 4209 vovistis
854 4151 965 4213 Achivi.
975 4159 1039 4214 Hae
1068 4177 1183 4235 quoque
1202 4161 1240 4214 ab
1269 4161 1396 4215 Homero
1414 4177 1508 4235 rump·
1598 4155 1600 4228 i

282 4237 343 4286 tum
362 4248 424 4288 esse
435 4232 559 4305 uidetur,
578 4239 628 4312 qui
647 4243 745 4300 scribit
763 4243 886 4302 Aciriros
904 4247 1026 4304 sublatis
1046 4251 1076 4304 in
1095 4251 1189 4308 altum
1208 4251 1301 4307 aculis
1321 4250 1509 4326 manibusque
1599 4271 1600 4347 q

278 4321 322 4378 his
339 4323 470 4414 preeibus
487 4327 529 4384 ad
547 4331 648 4387 Iouem
667 4353 732 4392 usos
742 4336 858 4413 saissa:
877 4342 993 4418 Jupiter
1004 4351 1090 4419 pater
1110 4343 1151 4399 da
1167 4353 1199 4400 ut
1220 4343 1321 4418 Aiacis
1346 4344 1508 4402 Telamaoir'
1598 4364 1599 4408 ;

277 4419 350 4475 serti
367 4419 517 4488 sitleam,
535 4429 622 4499 atque
635 4429 679 4484 ita
698 4431 804 4492 evenit.
