<?xml version="1.0" encoding="UTF-8"?>
<!DOCTYPE html PUBLIC "-//W3C//DTD XHTML 1.0 Transitional//EN"
    "http://www.w3.org/TR/xhtml1/DTD/xhtml1-transitional.dtd">
<html xmlns="http://www.w3.org/1999/xhtml" xml:lang="en" lang="en">
 <head>
  <title>
</title>
<meta http-equiv="Content-Type" content="text/html;charset=utf-8" />
  <meta name='ocr-system' content='tesseract 3.04.00' />
  <meta name='ocr-capabilities' content='ocr_page ocr_carea ocr_par ocr_line ocrx_word'/>
</head>
<body>
  <div class='ocr_page' id='page_1' title='image "./povidiinasonism02angugoog_0268.png"; bbox 0 0 3316 5246; ppageno 0'>
   <div class='ocr_carea' id='block_1_1' title="bbox 397 357 1093 449">
    <p class='ocr_par' dir='ltr' id='par_1_1' title="bbox 397 357 1093 449">
     <span class='ocr_line' id='line_1_1' title="bbox 397 357 1093 449; baseline -0.029 -1"><span class='ocrx_word' id='word_1_1' title='bbox 397 357 476 449; x_wconf 77' lang='lat'><em>258</em></span> <span class='ocrx_word' id='word_1_2' title='bbox 727 371 1093 438; x_wconf 77' lang='lat' dir='ltr'><em>1³.ov1o11sssos1s</em></span> 
     </span>
    </p>
   </div>
   <div class='ocr_carea' id='block_1_2' title="bbox 240 484 1521 1522">
    <p class='ocr_par' dir='ltr' id='par_1_2' title="bbox 240 484 1521 1522">
     <span class='ocr_line' id='line_1_2' title="bbox 307 484 1391 608; baseline -0.025 -16"><span class='ocrx_word' id='word_1_3' title='bbox 307 509 356 592; x_wconf 87' lang='lat' dir='ltr'><em>Si</em></span> <span class='ocrx_word' id='word_1_4' title='bbox 372 504 579 591; x_wconf 75' lang='lat' dir='ltr'><em>uolumum</em></span> <span class='ocrx_word' id='word_1_5' title='bbox 597 495 776 608; x_wconf 80' lang='lat' dir='ltr'><em>quaesit</em></span> <span class='ocrx_word' id='word_1_6' title='bbox 794 493 1020 576; x_wconf 86' lang='lat' dir='ltr'><em>subitarum</em></span> <span class='ocrx_word' id='word_1_7' title='bbox 1028 489 1172 596; x_wconf 81' lang='lat' dir='ltr'><em>forma</em></span> <span class='ocrx_word' id='word_1_8' title='bbox 1190 484 1366 598; x_wconf 78' lang='lat' dir='ltr'><em>requiris</em></span> <span class='ocrx_word' id='word_1_9' title='bbox 1375 523 1391 581; x_wconf 87' lang='lat'><em>,-</em></span> 
     </span>
     <span class='ocr_line' id='line_1_3' title="bbox 516 597 1441 720; baseline -0.029 -26"><span class='ocrx_word' id='word_1_10' title='bbox 516 643 545 720; x_wconf 85' lang='grc' dir='ltr'><em>γ</em></span> <span class='ocrx_word' id='word_1_11' title='bbox 577 635 737 707; x_wconf 86' lang='lat' dir='ltr'><em>narum,</em></span> <span class='ocrx_word' id='word_1_12' title='bbox 755 608 820 690; x_wconf 91' lang='lat' dir='ltr'><em>sia</em></span> <span class='ocrx_word' id='word_1_13' title='bbox 837 604 944 687; x_wconf 84' lang='lat' dir='ltr'><em>albis</em></span> <span class='ocrx_word' id='word_1_14' title='bbox 957 601 1155 714; x_wconf 72' lang='lat' dir='ltr'><em>proxima</em></span> <span class='ocrx_word' id='word_1_15' title='bbox 1171 597 1340 710; x_wconf 80' lang='lat' dir='ltr'><em>cygnis.</em></span> <span class='ocrx_word' id='word_1_16' title='bbox 1438 658 1441 667; x_wconf 90' lang='lat'>.</span> 
     </span>
     <span class='ocr_line' id='line_1_4' title="bbox 314 642 1517 842; baseline -0.021 -25"><span class='ocrx_word' id='word_1_17' title='bbox 314 728 406 821; x_wconf 75' lang='lat' dir='ltr'><em>Via</em></span> <span class='ocrx_word' id='word_1_18' title='bbox 424 642 611 842; x_wconf 46' lang='lat' dir='ltr'><em>equifim</em></span> <span class='ocrx_word' id='word_1_19' title='bbox 629 723 707 803; x_wconf 78' lang='lat' dir='ltr'><em>lius</em></span> <span class='ocrx_word' id='word_1_20' title='bbox 725 717 856 818; x_wconf 82' lang='lat' dir='ltr'><em>sedes,</em></span> <span class='ocrx_word' id='word_1_21' title='bbox 874 733 913 799; x_wconf 90' lang='lat' dir='ltr'><em>et</em></span> <span class='ocrx_word' id='word_1_22' title='bbox 925 714 1103 825; x_wconf 73' lang='lat' dir='ltr'><em>Iapygis</em></span> <span class='ocrx_word' id='word_1_23' title='bbox 1121 708 1246 794; x_wconf 87' lang='lat' dir='ltr'><em>arida</em></span> <span class='ocrx_word' id='word_1_24' title='bbox 1264 706 1419 791; x_wconf 85' lang='lat' dir='ltr'><em>Dauni</em></span> <span class='ocrx_word' id='word_1_25' title='bbox 1430 703 1517 792; x_wconf 88' lang='lat'><em>510</em></span> 
     </span>
     <span class='ocr_line' id='line_1_5' title="bbox 310 832 1360 953; baseline -0.025 -24"><span class='ocrx_word' id='word_1_26' title='bbox 310 845 438 929; x_wconf 89' lang='lat' dir='ltr'><em>Arva</em></span> <span class='ocrx_word' id='word_1_27' title='bbox 453 869 581 953; x_wconf 80' lang='lat' dir='ltr'><em>gener</em></span> <span class='ocrx_word' id='word_1_28' title='bbox 598 852 713 916; x_wconf 87' lang='lat' dir='ltr'><em>teneo</em></span> <span class='ocrx_word' id='word_1_29' title='bbox 732 832 907 913; x_wconf 81' lang='lat' dir='ltr'><em>minimri</em></span> <span class='ocrx_word' id='word_1_30' title='bbox 926 841 1148 937; x_wconf 82' lang='lat' dir='ltr'><em>camparte</em></span> <span class='ocrx_word' id='word_1_31' title='bbox 1168 849 1360 905; x_wconf 88' lang='lat' dir='ltr'><em>meorum.</em></span> 
     </span>
     <span class='ocr_line' id='line_1_6' title="bbox 365 933 1426 1044; baseline -0.026 -5"><span class='ocrx_word' id='word_1_32' title='bbox 365 955 587 1038; x_wconf 82' lang='lat' dir='ltr'><em>Hactenus</em></span> <span class='ocrx_word' id='word_1_33' title='bbox 599 939 796 1032; x_wconf 80' lang='lat' dir='ltr'><em>Oenides:</em></span> <span class='ocrx_word' id='word_1_34' title='bbox 820 941 1006 1029; x_wconf 87' lang='lat' dir='ltr'><em>Venulus</em></span> <span class='ocrx_word' id='word_1_35' title='bbox 1034 933 1255 1022; x_wconf 81' lang='lat' dir='ltr'><em>Calidonia</em></span> <span class='ocrx_word' id='word_1_36' title='bbox 1273 960 1426 1044; x_wconf 82' lang='lat' dir='ltr'><em>regna,</em></span> 
     </span>
     <span class='ocr_line' id='line_1_7' title="bbox 308 1046 1501 1173; baseline -0.029 -17"><span class='ocrx_word' id='word_1_37' title='bbox 308 1060 764 1173; x_wconf 81' lang='lat' dir='ltr'><em>Peucetiosquesinus,</em></span> <span class='ocrx_word' id='word_1_38' title='bbox 780 1054 1073 1163; x_wconf 79' lang='lat' dir='ltr'><em>Messapiaque</em></span> <span class='ocrx_word' id='word_1_39' title='bbox 1091 1078 1201 1132; x_wconf 86' lang='lat' dir='ltr'><em>arva</em></span> <span class='ocrx_word' id='word_1_40' title='bbox 1218 1046 1395 1155; x_wconf 79' lang='lat' dir='ltr'><em>reliquit.</em></span> <span class='ocrx_word' id='word_1_41' title='bbox 1498 1052 1501 1056; x_wconf 83' lang='grc'><strong>’</strong></span> 
     </span>
     <span class='ocr_line' id='line_1_8' title="bbox 309 1159 1396 1291; baseline -0.024 -27"><span class='ocrx_word' id='word_1_42' title='bbox 309 1181 362 1264; x_wconf 92' lang='lat' dir='ltr'><em>In</em></span> <span class='ocrx_word' id='word_1_43' title='bbox 381 1178 528 1291; x_wconf 82' lang='lat' dir='ltr'><em>qur&#39;bus</em></span> <span class='ocrx_word' id='word_1_44' title='bbox 543 1189 665 1259; x_wconf 89' lang='lat' dir='ltr'><em>antra</em></span> <span class='ocrx_word' id='word_1_45' title='bbox 684 1164 811 1264; x_wconf 83' lang='lat' dir='ltr'><em>uidet,</em></span> <span class='ocrx_word' id='word_1_46' title='bbox 831 1194 936 1276; x_wconf 78' lang='lat' dir='ltr'><em>qnae</em></span> <span class='ocrx_word' id='word_1_47' title='bbox 954 1164 1085 1248; x_wconf 76' lang='lat' dir='ltr'><em>multo⁴</em></span> <span class='ocrx_word' id='word_1_48' title='bbox 1103 1159 1244 1243; x_wconf 83' lang='lat' dir='ltr'><em>nubila</em></span> <span class='ocrx_word' id='word_1_49' title='bbox 1263 1159 1396 1250; x_wconf 78' lang='lat' dir='ltr'><em>siluri,</em></span> 
     </span>
     <span class='ocr_line' id='line_1_9' title="bbox 310 1263 1521 1396; baseline -0.022 -17"><span class='ocrx_word' id='word_1_50' title='bbox 310 1290 374 1378; x_wconf 85' lang='lat' dir='ltr'><em>Et</em></span> <span class='ocrx_word' id='word_1_51' title='bbox 392 1289 544 1376; x_wconf 76' lang='lat' dir='ltr'><em>letibus</em></span> <span class='ocrx_word' id='word_1_52' title='bbox 560 1279 724 1396; x_wconf 79' lang='lat' dir='ltr'><em>stagnis</em></span> <span class='ocrx_word' id='word_1_53' title='bbox 742 1279 958 1360; x_wconf 81' lang='lat' dir='ltr'><em>manantia</em></span> <span class='ocrx_word' id='word_1_54' title='bbox 976 1276 1205 1383; x_wconf 79' lang='lat' dir='ltr'><em>semicaper</em></span> <span class='ocrx_word' id='word_1_55' title='bbox 1219 1271 1315 1354; x_wconf 87' lang='lat' dir='ltr'><em>Pan</em></span> <span class='ocrx_word' id='word_1_56' title='bbox 1429 1263 1521 1352; x_wconf 84' lang='lat'><em>515</em></span> 
     </span>
     <span class='ocr_line' id='line_1_10' title="bbox 240 1379 1517 1522; baseline -0.023 -28"><span class='ocrx_word' id='word_1_57' title='bbox 240 1511 245 1522; x_wconf 90' lang='lat'><strong><em>.</em></strong></span> <span class='ocrx_word' id='word_1_58' title='bbox 311 1405 439 1492; x_wconf 82' lang='lat' dir='ltr'><em>Nunc</em></span> <span class='ocrx_word' id='word_1_59' title='bbox 456 1415 579 1500; x_wconf 66' lang='lat' dir='ltr'><em>tenen</em></span> <span class='ocrx_word' id='word_1_60' title='bbox 592 1413 636 1482; x_wconf 90' lang='lat' dir='ltr'><em>at</em></span> <span class='ocrx_word' id='word_1_61' title='bbox 648 1387 828 1507; x_wconf 82' lang='lat' dir='ltr'><em>quadam</em></span> <span class='ocrx_word' id='word_1_62' title='bbox 845 1405 1059 1474; x_wconf 88' lang='lat' dir='ltr'><em>tenuerunt</em></span> <span class='ocrx_word' id='word_1_63' title='bbox 1077 1404 1254 1496; x_wconf 84' lang='lat' dir='ltr'><em>tempore</em></span> <span class='ocrx_word' id='word_1_64' title='bbox 1272 1379 1517 1492; x_wconf 76' lang='lat' dir='ltr'><em>Nymphae.</em></span> 
     </span>
    </p>
   </div>
   <div class='ocr_carea' id='block_1_3' title="bbox 310 3436 1627 4438">
    <p class='ocr_par' dir='ltr' id='par_1_3' title="bbox 370 3436 1517 3519">
     <span class='ocr_line' id='line_1_11' title="bbox 370 3436 1517 3519; baseline -0.026 2"><span class='ocrx_word' id='word_1_65' title='bbox 370 3448 434 3519; x_wconf 70' lang='lat'><strong>5⁰9·</strong></span> <span class='ocrx_word' id='word_1_66' title='bbox 462 3441 600 3502; x_wconf 69' lang='lat' dir='ltr'><em>Pf⁰¹3m¹·</em></span> <span class='ocrx_word' id='word_1_67' title='bbox 620 3437 787 3503; x_wconf 62' lang='lat' dir='ltr'><em>Slmfllt&#39;mss,</em></span> <span class='ocrx_word' id='word_1_68' title='bbox 807 3453 874 3491; x_wconf 68' lang='lat' dir='ltr'><em>’tam</em></span> <span class='ocrx_word' id='word_1_69' title='bbox 893 3436 1065 3492; x_wconf 80' lang='lat' dir='ltr'><em>Diomedeas</em></span> <span class='ocrx_word' id='word_1_70' title='bbox 1083 3453 1150 3492; x_wconf 82' lang='lat' dir='ltr'><em>aves</em></span> <span class='ocrx_word' id='word_1_71' title='bbox 1169 3437 1294 3494; x_wconf 83' lang='lat' dir='ltr'><em>oloribus</em></span> <span class='ocrx_word' id='word_1_72' title='bbox 1312 3447 1376 3494; x_wconf 85' lang='lat' dir='ltr'><em>suat</em></span> <span class='ocrx_word' id='word_1_73' title='bbox 1396 3441 1517 3498; x_wconf 72' lang='lat' dir='ltr'><em>similer.</em></span> 
     </span>
    </p>

    <p class='ocr_par' dir='ltr' id='par_1_4' title="bbox 316 3527 1627 3960">
     <span class='ocr_line' id='line_1_12' title="bbox 373 3527 1534 3610; baseline -0.005 -17"><span class='ocrx_word' id='word_1_74' title='bbox 373 3537 446 3593; x_wconf 83' lang='lat' dir='ltr'><em>Feb.</em></span> <span class='ocrx_word' id='word_1_75' title='bbox 470 3537 522 3591; x_wconf 85' lang='lat' dir='ltr'><em>Xl.</em></span> <span class='ocrx_word' id='word_1_76' title='bbox 554 3536 621 3610; x_wconf 72' lang='lat' dir='ltr'><em>Arg.</em></span> <span class='ocrx_word' id='word_1_77' title='bbox 641 3532 787 3586; x_wconf 73' lang='lat' dir='ltr'><em>Hactenus</em></span> <span class='ocrx_word' id='word_1_78' title='bbox 812 3527 942 3596; x_wconf 76' lang='lat' dir='ltr'><em>Oenides.</em></span> <span class='ocrx_word' id='word_1_79' title='bbox 962 3527 1094 3584; x_wconf 66' lang='lat' dir='ltr'><em>Lavinius</em></span> <span class='ocrx_word' id='word_1_80' title='bbox 1116 3527 1238 3604; x_wconf 79' lang='lat' dir='ltr'><em>regionis</em></span> <span class='ocrx_word' id='word_1_81' title='bbox 1262 3527 1359 3588; x_wconf 82' lang='lat' dir='ltr'><em>losum</em></span> <span class='ocrx_word' id='word_1_82' title='bbox 1378 3529 1534 3592; x_wconf 72' lang='lat' dir='ltr'><em>arboribus</em></span> 
     </span>
     <span class='ocr_line' id='line_1_13' title="bbox 318 3615 1627 3698; baseline -0.008 -13"><span class='ocrx_word' id='word_1_83' title='bbox 318 3626 517 3685; x_wconf 75' lang='lat' dir='ltr'><em>obumbratum</em></span> <span class='ocrx_word' id='word_1_84' title='bbox 546 3623 605 3679; x_wconf 87' lang='lat' dir='ltr'><em>Psn</em></span> <span class='ocrx_word' id='word_1_85' title='bbox 627 3618 754 3684; x_wconf 76' lang='lat' dir='ltr'><em>Mercurii</em></span> <span class='ocrx_word' id='word_1_86' title='bbox 785 3615 857 3673; x_wconf 85' lang='lat' dir='ltr'><em>lilius</em></span> <span class='ocrx_word' id='word_1_87' title='bbox 878 3617 988 3684; x_wconf 87' lang='lat' dir='ltr'><em>tenuit,</em></span> <span class='ocrx_word' id='word_1_88' title='bbox 1007 3636 1092 3692; x_wconf 81' lang='lat' dir='ltr'><em>quem</em></span> <span class='ocrx_word' id='word_1_89' title='bbox 1114 3633 1209 3694; x_wconf 82' lang='lat' dir='ltr'><em>postea</em></span> <span class='ocrx_word' id='word_1_90' title='bbox 1229 3621 1372 3698; x_wconf 79' lang='lat' dir='ltr'><em>nymphae</em></span> <span class='ocrx_word' id='word_1_91' title='bbox 1399 3623 1534 3681; x_wconf 85' lang='lat' dir='ltr'><em>oteulae·</em></span> <span class='ocrx_word' id='word_1_92' title='bbox 1626 3632 1627 3682; x_wconf 70' lang='lat' dir='ltr'><em>i</em></span> 
     </span>
     <span class='ocr_line' id='line_1_14' title="bbox 316 3707 1532 3797; baseline -0.012 -22"><span class='ocrx_word' id='word_1_93' title='bbox 316 3731 393 3776; x_wconf 88' lang='lat' dir='ltr'><em>runt.</em></span> <span class='ocrx_word' id='word_1_94' title='bbox 412 3717 472 3774; x_wconf 81' lang='lat' dir='ltr'><em>llas</em></span> <span class='ocrx_word' id='word_1_95' title='bbox 492 3725 587 3792; x_wconf 75' lang='lat' dir='ltr'><em>pastor</em></span> <span class='ocrx_word' id='word_1_96' title='bbox 606 3709 716 3789; x_wconf 79' lang='lat' dir='ltr'><strong>Apulus</strong></span> <span class='ocrx_word' id='word_1_97' title='bbox 729 3727 793 3764; x_wconf 88' lang='lat' dir='ltr'><em>cum</em></span> <span class='ocrx_word' id='word_1_98' title='bbox 814 3708 978 3797; x_wconf 71' lang='lat' dir='ltr'><em>praesepibus</em></span> <span class='ocrx_word' id='word_1_99' title='bbox 999 3707 1154 3790; x_wconf 76' lang='lat' dir='ltr'><em>maledictis</em></span> <span class='ocrx_word' id='word_1_100' title='bbox 1175 3709 1332 3776; x_wconf 86' lang='lat' dir='ltr'><em>terruisset,</em></span> <span class='ocrx_word' id='word_1_101' title='bbox 1352 3731 1389 3768; x_wconf 82' lang='lat' dir='ltr'><em>ne</em></span> <span class='ocrx_word' id='word_1_102' title='bbox 1409 3711 1532 3789; x_wconf 58' lang='lat' dir='ltr'><em>ampliu,</em></span> 
     </span>
     <span class='ocr_line' id='line_1_15' title="bbox 316 3799 1533 3888; baseline -0.006 -20"><span class='ocrx_word' id='word_1_103' title='bbox 316 3810 441 3888; x_wconf 82' lang='lat' dir='ltr'><em>linguam</em></span> <span class='ocrx_word' id='word_1_104' title='bbox 453 3809 481 3864; x_wconf 89' lang='lat' dir='ltr'><em>in</em></span> <span class='ocrx_word' id='word_1_105' title='bbox 494 3802 641 3884; x_wconf 81' lang='lat' dir='ltr'><em>propatulo</em></span> <span class='ocrx_word' id='word_1_106' title='bbox 653 3801 781 3866; x_wconf 82' lang='lat' dir='ltr'><em>heberet,</em></span> <span class='ocrx_word' id='word_1_107' title='bbox 795 3799 911 3856; x_wconf 86' lang='lat' dir='ltr'><em>numine</em></span> <span class='ocrx_word' id='word_1_108' title='bbox 925 3819 1021 3856; x_wconf 85' lang='lat' dir='ltr'><em>earum</em></span> <span class='ocrx_word' id='word_1_109' title='bbox 1033 3802 1062 3857; x_wconf 88' lang='lat' dir='ltr'><em>in</em></span> <span class='ocrx_word' id='word_1_110' title='bbox 1075 3801 1205 3861; x_wconf 82' lang='lat' dir='ltr'><em>arborem</em></span> <span class='ocrx_word' id='word_1_111' title='bbox 1225 3803 1378 3863; x_wconf 82' lang='lat' dir='ltr'><em>oleastrum</em></span> <span class='ocrx_word' id='word_1_112' title='bbox 1390 3805 1533 3873; x_wconf 79' lang='lat' dir='ltr'><em>extabuit,</em></span> 
     </span>
     <span class='ocr_line' id='line_1_16' title="bbox 317 3901 585 3960; baseline -0.026 0"><span class='ocrx_word' id='word_1_113' title='bbox 317 3915 345 3960; x_wconf 85' lang='lat' dir='ltr'><em>et</em></span> <span class='ocrx_word' id='word_1_114' title='bbox 363 3905 403 3960; x_wconf 81' lang='lat' dir='ltr'><em>its</em></span> <span class='ocrx_word' id='word_1_115' title='bbox 422 3901 514 3960; x_wconf 82' lang='lat' dir='ltr'><em>lactus</em></span> <span class='ocrx_word' id='word_1_116' title='bbox 534 3911 585 3954; x_wconf 87' lang='lat' dir='ltr'><em>est.</em></span> 
     </span>
    </p>

    <p class='ocr_par' dir='ltr' id='par_1_5' title="bbox 313 3983 1533 4246">
     <span class='ocr_line' id='line_1_17' title="bbox 374 3983 1533 4064; baseline -0.007 -13"><span class='ocrx_word' id='word_1_117' title='bbox 374 3998 438 4052; x_wconf 75' lang='lat'><em>⁵12.</em></span> <span class='ocrx_word' id='word_1_118' title='bbox 467 3993 614 4049; x_wconf 81' lang='lat' dir='ltr'><em>Hactenus</em></span> <span class='ocrx_word' id='word_1_119' title='bbox 635 3984 769 4045; x_wconf 84' lang='lat' dir='ltr'><em>Oenides.</em></span> <span class='ocrx_word' id='word_1_120' title='bbox 787 3983 939 4040; x_wconf 81' lang='lat' dir='ltr'><em>Diomedes</em></span> <span class='ocrx_word' id='word_1_121' title='bbox 963 3989 1050 4041; x_wconf 80' lang='lat' dir='ltr'><em>Oenei</em></span> <span class='ocrx_word' id='word_1_122' title='bbox 1068 4005 1164 4057; x_wconf 86' lang='lat' dir='ltr'><em>nepos.</em></span> <span class='ocrx_word' id='word_1_123' title='bbox 1190 3984 1344 4044; x_wconf 80' lang='lat' dir='ltr'><em>Calidonia.</em></span> <span class='ocrx_word' id='word_1_124' title='bbox 1371 3991 1533 4064; x_wconf 79' lang='lat' dir='ltr'><em>Apuliam,</em></span> 
     </span>
     <span class='ocr_line' id='line_1_18' title="bbox 317 4075 1530 4163; baseline -0.012 -18"><span class='ocrx_word' id='word_1_125' title='bbox 317 4091 346 4145; x_wconf 90' lang='lat' dir='ltr'><em>in</em></span> <span class='ocrx_word' id='word_1_126' title='bbox 377 4087 461 4163; x_wconf 75' lang='lat' dir='ltr'><em>cujus</em></span> <span class='ocrx_word' id='word_1_127' title='bbox 480 4094 567 4152; x_wconf 83' lang='lat' dir='ltr'><em>parte</em></span> <span class='ocrx_word' id='word_1_128' title='bbox 596 4079 690 4140; x_wconf 82' lang='lat' dir='ltr'><em>dotali</em></span> <span class='ocrx_word' id='word_1_129' title='bbox 708 4075 851 4154; x_wconf 78' lang='lat' dir='ltr'><em>regnabat</em></span> <span class='ocrx_word' id='word_1_130' title='bbox 877 4078 1029 4136; x_wconf 83' lang='lat' dir='ltr'><em>Diomedes</em></span> <span class='ocrx_word' id='word_1_131' title='bbox 1049 4096 1086 4132; x_wconf 83' lang='lat' dir='ltr'><em>es:</em></span> <span class='ocrx_word' id='word_1_132' title='bbox 1111 4078 1219 4133; x_wconf 84' lang='lat' dir='ltr'><em>AEtalia</em></span> <span class='ocrx_word' id='word_1_133' title='bbox 1238 4082 1267 4134; x_wconf 92' lang='lat' dir='ltr'><em>iu</em></span> <span class='ocrx_word' id='word_1_134' title='bbox 1291 4098 1351 4155; x_wconf 82' lang='lat' dir='ltr'><em>qua</em></span> <span class='ocrx_word' id='word_1_135' title='bbox 1373 4081 1530 4150; x_wconf 54' lang='lat' dir='ltr'><em>Onkeion,</em></span> 
     </span>
     <span class='ocr_line' id='line_1_19' title="bbox 313 4177 804 4246; baseline -0.029 -9"><span class='ocrx_word' id='word_1_136' title='bbox 313 4180 443 4246; x_wconf 80' lang='lat' dir='ltr'><em>advena,</em></span> <span class='ocrx_word' id='word_1_137' title='bbox 465 4179 505 4234; x_wconf 82' lang='lat' dir='ltr'><em>ad</em></span> <span class='ocrx_word' id='word_1_138' title='bbox 526 4194 599 4234; x_wconf 85' lang='lat' dir='ltr'><em>vers.</em></span> <span class='ocrx_word' id='word_1_139' title='bbox 619 4177 684 4246; x_wconf 73' lang='lat'><em>457.</em></span> <span class='ocrx_word' id='word_1_140' title='bbox 704 4187 804 4244; x_wconf 81' lang='lat' dir='ltr'><em>supra.</em></span> 
     </span>
    </p>

    <p class='ocr_par' dir='ltr' id='par_1_6' title="bbox 310 4263 1533 4438">
     <span class='ocr_line' id='line_1_20' title="bbox 372 4263 1532 4346; baseline -0.01 -15"><span class='ocrx_word' id='word_1_141' title='bbox 372 4279 436 4332; x_wconf 72' lang='lat'><em>523.</em></span> <span class='ocrx_word' id='word_1_142' title='bbox 466 4269 667 4346; x_wconf 80' lang='lat' dir='ltr'><em>Messapiaque.</em></span> <span class='ocrx_word' id='word_1_143' title='bbox 687 4264 869 4337; x_wconf 78' lang='lat' dir='ltr'><em>Messapiam</em></span> <span class='ocrx_word' id='word_1_144' title='bbox 893 4263 1093 4334; x_wconf 80' lang='lat' dir='ltr'><em>peninsulam,</em></span> <span class='ocrx_word' id='word_1_145' title='bbox 1112 4265 1142 4318; x_wconf 90' lang='lat' dir='ltr'><em>in</em></span> <span class='ocrx_word' id='word_1_146' title='bbox 1161 4283 1219 4340; x_wconf 87' lang='lat' dir='ltr'><em>qua</em></span> <span class='ocrx_word' id='word_1_147' title='bbox 1241 4265 1360 4322; x_wconf 80' lang='lat' dir='ltr'><em>Calabri</em></span> <span class='ocrx_word' id='word_1_148' title='bbox 1379 4277 1409 4322; x_wconf 87' lang='lat' dir='ltr'><em>et</em></span> <span class='ocrx_word' id='word_1_149' title='bbox 1430 4269 1532 4326; x_wconf 83' lang='lat' dir='ltr'><em>Salen-</em></span> 
     </span>
     <span class='ocr_line' id='line_1_21' title="bbox 310 4349 1533 4438; baseline -0.02 -11"><span class='ocrx_word' id='word_1_150' title='bbox 310 4370 373 4428; x_wconf 82' lang='lat' dir='ltr'><em>tini.</em></span> <span class='ocrx_word' id='word_1_151' title='bbox 393 4361 586 4438; x_wconf 80' lang='lat' dir='ltr'><em>Puteolosque</em></span> <span class='ocrx_word' id='word_1_152' title='bbox 607 4361 693 4416; x_wconf 86' lang='lat' dir='ltr'><em>sinus.</em></span> <span class='ocrx_word' id='word_1_153' title='bbox 713 4354 828 4411; x_wconf 82' lang='lat' dir='ltr'><em>Puteoli</em></span> <span class='ocrx_word' id='word_1_154' title='bbox 849 4351 914 4408; x_wconf 81' lang='lat' dir='ltr'><em>urbs</em></span> <span class='ocrx_word' id='word_1_155' title='bbox 933 4361 976 4407; x_wconf 88' lang='lat' dir='ltr'><em>est</em></span> <span class='ocrx_word' id='word_1_156' title='bbox 996 4355 1121 4429; x_wconf 80' lang='lat' dir='ltr'><em>Apuliae</em></span> <span class='ocrx_word' id='word_1_157' title='bbox 1134 4377 1153 4410; x_wconf 88' lang='lat' dir='ltr'><em>a</em></span> <span class='ocrx_word' id='word_1_158' title='bbox 1174 4355 1358 4412; x_wconf 85' lang='lat' dir='ltr'><em>multitudine</em></span> <span class='ocrx_word' id='word_1_159' title='bbox 1378 4349 1533 4432; x_wconf 58' lang='lat' dir='ltr'><em>pabeam</em></span> 
     </span>
    </p>
   </div>
   <div class='ocr_carea' id='block_1_4' title="bbox 309 4445 1535 4534">
    <p class='ocr_par' dir='ltr' id='par_1_7' title="bbox 309 4445 1535 4534">
     <span class='ocr_line' id='line_1_22' title="bbox 309 4445 1535 4534; baseline -0.029 -14"><span class='ocrx_word' id='word_1_160' title='bbox 309 4460 397 4522; x_wconf 82' lang='lat' dir='ltr'><em>dicta.</em></span> <span class='ocrx_word' id='word_1_161' title='bbox 417 4459 536 4534; x_wconf 76' lang='lat' dir='ltr'><em>Legitur</em></span> <span class='ocrx_word' id='word_1_162' title='bbox 549 4455 638 4510; x_wconf 86' lang='lat' dir='ltr'><em>stiam</em></span> <span class='ocrx_word' id='word_1_163' title='bbox 661 4447 798 4524; x_wconf 76' lang='lat' dir='ltr'><em>Messapis</em></span> <span class='ocrx_word' id='word_1_164' title='bbox 819 4463 892 4502; x_wconf 80' lang='lat' dir='ltr'><em>arva.</em></span> <span class='ocrx_word' id='word_1_165' title='bbox 913 4445 1020 4516; x_wconf 76' lang='lat' dir='ltr'><em>Apsilia</em></span> <span class='ocrx_word' id='word_1_166' title='bbox 1035 4467 1053 4500; x_wconf 86' lang='lat' dir='ltr'><em>a</em></span> <span class='ocrx_word' id='word_1_167' title='bbox 1070 4449 1209 4522; x_wconf 86' lang='lat' dir='ltr'><em>Messapo</em></span> <span class='ocrx_word' id='word_1_168' title='bbox 1225 4447 1298 4505; x_wconf 71' lang='lat' dir='ltr'><em>duee</em></span> <span class='ocrx_word' id='word_1_169' title='bbox 1315 4452 1535 4524; x_wconf 39' lang='lat' dir='ltr'><strong><em>cognomina</em></strong></span> 
     </span>
    </p>
   </div>
   <div class='ocr_carea' id='block_1_5' title="bbox 0 0 1662 5246">
    <p class='ocr_par' dir='ltr' id='par_1_8' title="bbox 0 0 1662 5246">
     <span class='ocr_line' id='line_1_23' title="bbox 0 0 1662 5246; baseline 0 0"><span class='ocrx_word' id='word_1_170' title='bbox 0 0 1662 5246; x_wconf 95' lang='lat' dir='ltr'><em> </em></span> 
     </span>
    </p>
   </div>
  </div>
 </body>
</html>
