3226 5240
391 277 473 375 424
724 293 745 350 r
777 293 903 352 onon
930 290 1096 352 stsotns

309 409 495 503 Insistit,
509 410 732 522 pn'scoque
748 407 866 494 Deos
884 411 907 496 i
926 439 1035 494 more
1047 423 1244 518 precatus
1263 471 1272 504 ‚

311 519 405 622 En,
424 521 512 621 nit,
529 521 599 606 itis
618 549 751 610 unns,
772 551 891 632 quem
911 551 990 606 vos
1008 521 1056 602 ni
1066 520 1224 630 pellitis
1247 521 1363 617 urbe,

311 633 405 716 Res:
423 635 520 731 erit,·
538 635 579 718 is
596 635 671 744 qui
684 633 765 732 sit,
783 635 932 747 signo,
951 660 1035 716 non
1053 633 1239 729 nomine,
1260 630 1425 716 dicam:

312 741 482 830 Cornua
489 747 634 857 fronte
648 747 779 857 gerit,
798 774 915 856 quem
936 744 1048 830 vobis
1065 741 1230 827 indicat
1248 771 1401 853 augur.

314 859 365 941 Si
380 858 549 941 Romam
567 858 734 941 intrarit
749 920 758 957 ,
767 858 1003 965 famularia
1013 856 1119 969 jura
1137 854 1345 938 daturum.

314 970 392 1054 Ille
411 966 575 1079 quidem
590 970 728 1078 potuit
740 987 887 1079 portas
904 971 1125 1079 irrumpere
1143 985 1340 1076 apertns;

316 1079 403 1166 Sed
417 1109 494 1165 nos
512 1083 757 1178 obstitimus,
776 1085 961 1192 quamvis
978 1081 1242 1193 conjunctior
1253 1081 1330 1161 illo
1569 1139 1571 1210 Ν

319 1193 452 1279 Nemo
470 1193 573 1276 mihi
590 1208 662 1276 est.
686 1193 775 1279 Vos
797 1193 905 1278 Urbe
923 1197 1050 1278 virum
1065 1194 1293 1301 prohibete,
1317 1190 1504 1303 Quirites,
1569 1240 1572 1312 n

324 1301 369 1394 V
363 1305 406 1387 el
414 1367 424 1404 ‚
443 1307 483 1386 si
499 1303 658 1416 dignus
676 1306 771 1404 erit,
788 1309 987 1416 gravibus
1003 1306 1153 1390 vincite
1172 1308 1351 1404 catenis,

322 1419 410 1500 Aut
414 1414 548 1524 finite
565 1433 715 1499 metum
723 1419 883 1526 fatalis
905 1434 1034 1501 morte
1054 1419 1237 1524 tyranni.

324 1527 484 1638 Qualia
503 1529 753 1627 succinctis,
773 1531 846 1611 nbi
862 1547 964 1612 trux
982 1528 1169 1612 insibilat
1185 1525 1356 1624 Eurus,
1574 1532 1575 1574 ¹

319 1641 543 1726 Murmura
557 1642 712 1752 pinetis
715 1640 840 1749 fiunt
845 1683 859 1740 ,·
878 1657 953 1724 aut
970 1641 1287 1755 qunlt'afluctus

321 1751 725 1863 AEquoreifacinnt‚
743 1756 783 1836 si
806 1755 901 1866 quis
913 1754 1067 1865 procul
1080 1753 1231 1836 audiat
1247 1755 1371 1850 illos,·
1447 1751 1511 1838 605

328 1863 435 1948 Tale
451 1879 574 1946 sonat
585 1865 784 1976 populns:
801 1865 881 1949 sed
890 1896 968 1976 per
983 1866 1161 1975 confusa
1169 1865 1396 1974 frementis

325 1975 374 2061 V
365 1975 460 2058 ersa
477 1991 612 2058 tamen
631 1976 757 2089 vulgi
771 2006 856 2062 vos·
875 1981 1023 2061 eminet
1042 2007 1155 2078 nnn,
1179 1978 1286 2089 Quis
1304 1981 1414 2060 ille?
