3226 5240
393 277 476 388 454
728 267 762 364 r.
783 305 909 365 0v1n11
936 303 1101 366 ressonis

307 425 392 519 Dr,
406 452 574 534 precor,
594 423 755 506 AEneae
773 425 963 519 comites,
987 426 1135 537 quibus
1153 427 1265 510 ensis
1283 443 1323 509 et
1342 428 1465 538 ignis
1587 509 1590 519 ,

310 535 541 636 Gessenent,
561 535 703 646 Dique
719 535 945 650 Indigetes,
960 539 1224 650 genitorque,
1247 539 1428 652 Quirine

310 651 454 750 Urbis,
474 665 513 730 et
531 649 678 733 invicti
692 651 879 758 genitor,
900 647 1103 750 Gradive,
1127 651 1320 762 Quirini,

308 763 516 870 Vestaque
539 759 762 846 Caesareas
780 763 890 845 inter
904 779 1074 846 saerata
1093 764 1301 865 Penates,

304 873 480 959 Etcum
503 871 792 974 Caesaream,
813 875 974 960 Phoebe
991 875 1237 978 domestice,
1263 877 1403 966 Vestci

309 989 472 1100 Quique
490 1001 604 1068 tenes
622 985 734 1069 altus
759 988 960 1098 Tarpeias
977 986 1172 1097 Juppiter
1185 1018 1324 1086 arces,

308 1101 502 1212 Quosque
521 1097 631 1180 alios
648 1100 830 1210 untifas
847 1098 1056 1208 appellare
1069 1129 1284 1212 piumque,-

305 1211 349 1296 T
344 1210 452 1294 arde
470 1212 528 1293 sit
547 1211 623 1292 illa
644 1207 760 1312 dies,
779 1229 819 1296 et
837 1227 977 1296 nostra
994 1216 1129 1297 serior
1144 1243 1272 1314 aeva,

306 1325 403 1436 Qua
421 1337 547 1432 capnt
566 1323 830 1436 Angustum,
849 1353 967 1436 quem
987 1341 1198 1436 temperat,
1218 1328 1311 1410 arbe
1328 1325 1487 1412 relicta
1598 1379 1599 1388 κ

304 1435 499 1520 Accedat
517 1435 656 1536 caela,
665 1436 892 1549 faveatque
904 1439 1175 1547 precantibus
1192 1441 1353 1523 absens.
1446 1439 1527 1551 870
1598 1445 1599 1472 ³

360 1548 537 1658 Jamque
557 1573 660 1656 opus
679 1553 820 1663 exegi,
839 1547 955 1660 quad
969 1579 1046 1634 nec
1064 1551 1182 1636 Jovis
1200 1552 1279 1651 ira,
1298 1581 1378 1636 nec
1398 1554 1533 1665 ignes,
1598 1561 1599 1616 ἰ

305 1659 397 1748 Nec
410 1658 562 1769 poterit
571 1661 756 1763 ferrum,
775 1690 851 1746 nec
869 1659 987 1744 edan
1004 1663 1167 1746 abolere
1185 1680 1390 1748 vetustas.
1598 1729 1599 1772 ,

308 1773 409 1860 Cum
427 1771 543 1855 valet
559 1770 637 1852 illa
656 1770 766 1873 dies,
786 1775 980 1885 nanenil
993 1777 1080 1857 nisi
1094 1777 1281 1883 carparis
1300 1777 1432 1891 liujus

307 1889 384 1977 Jus
405 1883 545 1981 habet,
566 1883 716 1966 incerti
734 1888 915 1994 spatium
933 1887 1039 1968 mini
1040 1887 1182 1994 finiat
1199 1891 1295 1972 aevi
1300 1931 1313 1975 .·

302 2000 432 2085 Pnrte
452 2014 595 2077 tamen
614 1996 780 2080 meliore
798 1998 880 2080 mei
897 2025 1022 2107 super
1036 1999 1126 2079 alta
1141 2001 1338 2104 perennis
1445 1999 1529 2112 875

303 2115 437 2198 Astra
445 2110 597 2217 ferar,
617 2137 842 2219 nomenque
860 2111 936 2192 erit
955 2105 1173 2192 indelebile
1192 2128 1394 2194 nostrum.

311 2223 484 2334 Quoque
502 2236 617 2328 patet
636 2219 806 2304 domitis
827 2225 1015 2306 Romana
1029 2224 1217 2329 patentia
1236 2226 1381 2325 terris,

310 2335 392 2420 Ore
411 2332 534 2442 legar
545 2331 693 2440 papali
701 2373 713 2418 .·
725 2361 880 2444 perque
899 2334 1038 2416 amnia
1055 2333 1200 2416 secula
1210 2333 1343 2442 fama'

308 2445 390 2562 (Si
406 2439 511 2556 quid
525 2443 673 2524 habeat
692 2445 776 2527 veri
791 2461 927 2530 vatum
940 2441 1212 2557 praesagia)
1232 2448 1385 2536 viram.

654 2809 765 2898 Finis
802 2811 1190 2924 Metamorphoseon.

380 4051 445 4118 864.
473 4045 629 4121 Vestaque.
668 4045 813 4104 Sacellum
843 4047 953 4106 Vestae
982 4051 1097 4104 eratin
1124 4049 1259 4122 Patati03
1290 4055 1377 4128 eujus
1394 4059 1427 4112 in
1461 4072 1544 4134 pm

323 4137 451 4212 Apollini
470 4135 605 4210 temptum
625 4139 764 4194 excitavit
789 4139 954 4212 Angustus,
974 4137 1079 4194 addita
1102 4141 1225 4211 partica,
1246 4159 1312 4200 curn
1333 4145 1519 4209 tenuatum.

380 4234 445 4300 867.
473 4227 617 4303 Quosque.
646 4231 716 4284 Cum
735 4238 864 4303 respectu
874 4227 1021 4304 sartensis
1041 4229 1083 4286 ad
1106 4235 1253 4292 numinum
1286 4238 1476 4300 Teretes-ian
1495 4264 1543 4302 ne·

321 4323 396 4378 atina
427 4339 513 4388 vera,
531 4337 605 4394 quae
634 4320 736 4394 ignata
762 4337 823 4375 esse
853 4319 1028 4386 votuerunt,
1052 4340 1088 4377 ne
1116 4321 1234 4401 quanda
1265 4325 1391 4388 nostium
1415 4337 1542 4396 aarum·

324 4423 534 4484 causarentur,
555 4409 686 4468 Macrab.
705 4409 856 4470 Saturnini·
875 4409 922 4470 tib.
945 4413 971 4470 3.
986 4429 1052 4492 cap.
1080 4434 1108 4492 9.
