3252 5256
318 441 324 452 ι
412 335 469 444 54
750 359 784 432 1,).
805 359 931 417 ovtou
960 358 1123 416 sescus

326 485 469 594 Atque
488 478 532 558 in
551 503 647 588 rege
667 492 803 558 tamen
817 494 941 586 patet·
956 493 1037 565 cst,·
1055 505 1134 588 ego
1154 476 1250 556 mite
1263 480 1453 586 parentis

327 594 547 711 Ingenium
568 591 698 672 uerbis
717 589 778 672 ad
788 590 960 699 publica
979 585 1199 672 commoda
1218 593 1338 672 verti.

327 709 456 798 Nunc
473 701 661 811 equidem
670 703 833 812 fatcor,
844 703 1049 812 fassoque
1067 703 1263 814 ignoscat
1282 703 1459 787 Atrides
1474 775 1484 811 ,

326 815 556 940 Difficilem
574 823 689 898 tenui
704 818 780 897 sub
798 817 943 926 iniquo
950 812 1102 928 judice
1121 842 1326 900 caussam.
1466 855 1478 905 ι
1489 851 1543 936 9⁰

326 936 454 1020 Hunc
472 945 608 1010 tamen
629 928 788 1010 utilitas
801 929 950 1037 populi
963 991 973 1026 ,
981 927 1219 1040 fraterque,
1239 927 1411 1042 datique

329 1051 498 1132 Summa
507 1059 643 1122 movet
656 1043 820 1149 sceptri}
833 1041 1000 1124 laudem
1010 1057 1053 1121 ut
1061 1071 1155 1124 cum
1169 1045 1376 1152 sanguine
1379 1065 1543 1153 penset.

333 1161 490 1248 Mittor
504 1172 543 1234 et
570 1155 632 1236 ad
649 1171 846 1241 matrem.-
865 1183 971 1262 qnae
989 1181 1073 1235 nou
1091 1153 1323 1256 hortanda,
1343 1155 1424 1242 sed
1436 1176 1538 1244 astu

332 1265 598 1381 Decipiendo
605 1267 696 1376 fuit
711 1295 724 1372 3
742 1296 823 1375 (μισ
841 1269 883 1348 si
899 1266 1166 1349 Telamonius
1186 1281 1310 1369 isset,

334 1387 446 1470 Otho
466 1383 555 1464 suis
573 1397 710 1462 essent
727 1383 950 1461 etiamnum
969 1381 1099 1460 lintea
1118 1380 1267 1463 uentis.
1469 1385 1547 1500 ¹95

332 1499 489 1586 Mittor
503 1510 542 1574 et
560 1493 720 1574 Iliacas
738 1492 891 1574 audax
909 1507 1051 1574 orator
1064 1489 1128 1572 ad
1142 1520 1278 1580 arces:

337 1613 523 1719 Visoque
541 1623 580 1686 et
598 1609 754 1688 intrata
774 1621 834 1686 est
853 1607 966 1685 celtae
985 1605 1086 1684 miti
1102 1607 1223 1686 curio
1246 1606 1289 1688 T
1284 1605 1401 1716 rosae
1408 1655 1422 1699 ,-

336 1725 551 1830 Plenaque
570 1717 711 1799 ndituc
729 1735 816 1797 crist
835 1718 911 1798 illa
929 1719 1047 1798 uires,
1069 1717 1288 1798 Interritus
1307 1721 1380 1832 egi
1390 1782 1402 1814 ,

336 1839 474 1950 Quem
494 1833 596 1912 mihi
612 1828 833 1913 mandarat
852 1832 1082 1914 communis
1102 1827 1285 1913 Graecia
1294 1893 1306 1928 ‚
1326 1861 1543 1920 caussam:

394 3899 456 3972 ¹9³·
476 3897 622 3954 Mitteret
644 3893 679 3952 ed
701 3905 828 3953 matrem.
848 3897 996 3954 Arcessitn
1017 3897 1175 3954 adducitur
1193 3899 1358 3977 Iphigenia,
1379 3906 1470 3978 quasi
1490 3925 1556 3982 nsip-

336 4001 404 4048 turn
424 3989 585 4046 Achiuum
603 3988 681 4066 quot
701 3999 730 4044 et
750 3992 863 4044 Lucret.
883 3991 1009 4067 attingit.
1032 3991 1079 4046 ut.
1094 4011 1116 4046 ι.
1128 4009 1198 4047 vers.
1208 4013 1255 4064 97.

390 4117 427 4130 -
447 4102 502 4139 uon
523 4093 556 4139 ut
574 4082 693 4138 solemni
713 4101 790 4140 more
802 4101 945 4140 sectorum

393 4177 524 4235 Perfecto
537 4187 630 4252 poeeet
651 4174 727 4232 clero
747 4176 872 4233 comitari
893 4177 1079 4255 Hymenaeo:

393 4267 449 4326 Sed
469 4279 544 4324 ceste
565 4265 671 4322 inceste
685 4267 812 4322 nubendi
834 4280 960 4344 tempore
972 4267 1000 4322 iu
1015 4267 1077 4344 ipso

390 4359 491 4415 Hostia
511 4355 673 4412 concideret
694 4370 819 4413 mactatu
840 4369 944 4414 moeste
965 4357 1097 4434 parentis.

353 4449 479 4527 Ideoque
499 4447 625 4504 Achilles
643 4466 663 4502 a
683 4448 869 4524 Lycophrone
890 4457 1012 4506 uocetur
1022 4447 1200 4524 Iphigeniae.
1220 4433 1366 4515 ξυνευνος.
