3296 5248
385 261 438 350 9⁰
728 257 762 315 ι).
782 253 909 316 ovmn
935 250 1101 318 sssotns

299 381 398 470 Non
417 380 520 462 haee
536 390 598 458 est
619 377 808 464 Fortuna
826 372 986 473 domis,
1004 376 1082 458 tibi
1097 403 1268 458 munero
1285 377 1431 460 matris

304 491 554 603 Contingent
556 487 712 600 fletus,
725 489 1050 601 peregrinaeque
1063 488 1236 571 haustus
1253 517 1418 572 arenae.
1432 483 1518 573 526

304 607 459 691 Omnia
472 599 759 714 perdidimus:
778 616 987 709 superest,
1005 629 1084 682 eur
1099 602 1236 684 viuere
1249 619 1408 712 tempus

300 719 353 803 In
370 720 494 801 breue
513 716 759 812 sustineam,
772 714 913 824 proles
927 713 1172 826 gratissimo
1193 715 1337 814 matri,

299 831 429 919 Nunc
441 830 580 928 solus,
600 824 810 938 quondam
828 827 1022 908 minimus
1040 824 1093 910 de
1111 827 1237 938 stirpe
1256 828 1390 928 virili,

300 943 394 1028 Has
411 939 538 1024 dotus
556 940 734 1023 Ismario
746 940 839 1052 regi
853 937 1095 1049 Polydorus
1111 941 1159 1022 in
1176 969 1284 1024 oros.
1427 937 1512 1026 530

304 1051 424 1164 Quid
439 1081 576 1138 moror
589 1055 746 1135 intereo
764 1049 953 1135 crudelia
972 1053 1140 1136 vulnero
1159 1052 1341 1166 lymphis

301 1168 505 1260 Abluere,
522 1183 562 1247 et
578 1193 746 1276 sparsos
763 1165 916 1246 immiti
929 1167 1137 1278 sanguine
1155 1169 1329 1252 vultus?

301 1281 455 1368 Dixit:
475 1295 514 1360 et
531 1276 593 1362 od
608 1280 725 1361 littus
738 1307 869 1388 passu
883 1281 1089 1389 prooessit
1106 1279 1226 1374 omli,

301 1393 503 1480 Albentes
520 1392 682 1474 laniato
702 1419 857 1474 comos.
877 1391 1013 1493 Date,
1033 1391 1244 1494 Troades,
1264 1423 1443 1494 urnam,

301 1505 489 1593 Diserot
508 1505 688 1611 infelix,
709 1501 895 1616 liquidus
920 1505 1102 1588 hauriret
1121 1522 1167 1589 ut
1179 1505 1336 1593 undas:
1431 1501 1519 1592 535

302 1615 472 1728 Aspicit
489 1617 665 1731 ejectum
683 1615 892 1728 Polydori
908 1617 952 1699 in
966 1619 1103 1702 littore
1121 1647 1299 1729 corpus,

351 3981 415 4040 ilo.
436 3980 551 4042 Ismario
570 3979 639 4062 regi.
664 3982 875 4062 Polymnestori
895 3984 1044 4044 Thraciae
1056 3985 1218 4065 regillam
1231 3985 1361 4046 Ismaros
1375 3987 1527 4049 Thraciae

296 4093 380 4134 mess
401 4083 454 4133 est.
478 4079 523 4133 De
548 4075 601 4134 tue
624 4077 773 4154 Polydoro
799 4080 944 4156 Virgilius
969 4082 999 4136 in
1024 4083 1110 4138 tertio
1135 4081 1271 4139 AEneidos
1296 4083 1405 4140 scribit.

353 4167 419 4224 ⁸31.
445 4163 597 4224 (ἷνιιᾶεΙίι.Ι
620 4167 690 4226 Atta
710 4177 754 4227 est
778 4168 850 4226 isaeo
871 4170 909 4226 ab
934 4171 1086 4247 Euripidis
1120 4173 1310 4230 oeconomia:
1335 4171 1384 4228 ubi
1409 4169 1524 4227 aneilla

294 4275 403 4335 aquam
425 4260 546 4334 petitum
566 4261 652 4318 misn
672 4259 716 4316 od
733 4263 908 4319 abluendum
927 4283 1033 4341 eorpus
1058 4265 1231 4332 Polisenae,
1250 4283 1357 4340 eorpus
1378 4263 1526 4342 Polydori

294 4347 325 4404 itt
351 4347 449 4414 lillore
472 4351 602 4420 invenit,
626 4359 656 4407 el
675 4351 771 4426 pallio
795 4355 953 4414 involutum
972 4363 1014 4414 acl
1036 4355 1182 4416 dominam
1207 4365 1328 4432 perlat..
