3252 5256
403 336 457 422 38
741 361 776 420 P.
797 359 923 421 onon
950 357 1115 422 ntsoms

320 479 520 562 Hostibus
539 475 745 588 insidior3
755 479 903 584 fossas
929 479 1155 560 munimine
1174 479 1324 592 cingo.-

323 591 527 676 Consolor
543 592 702 689 socios;
723 607 766 672 ut
784 591 905 706 longi
920 589 1062 673 taedia
1080 591 1181 672 belli

320 705 469 789 Mente
476 704 626 813 ferunt
637 701 819 814 plocidd
833 745 846 802 ;
865 701 996 787 doceo
1015 733 1097 815 quo
1115 705 1245 786 simus
1263 703 1410 786 alendi

319 813 614 928 Armondique
633 818 775 904 modo.-
797 817 936 898 mittor
952 845 1032 928 quo
1042 816 1229 926 postulat
1249 844 1360 899 iesus.
1449 813 1535 898 215

321 929 441 1014 Eece
458 929 576 1014 Jovis
595 931 750 1013 monitu
769 928 966 1039 deceptus
984 930 1168 1042 imagine
1186 929 1324 1010 somni

319 1043 415 1124 Rex
422 1041 543 1156 jubet
561 1041 718 1152 incepti
732 1071 876 1125 ornum
894 1040 1098 1122 dimittere
1116 1040 1223 1124 belli.

320 1154 399 1236 Ille
413 1171 549 1264 potest
566 1171 735 1239 auctore
752 1183 871 1238 suom
889 1152 1109 1259 defendere
1128 1182 1323 1236 caussam

320 1266 422 1352 Non
440 1265 554 1348 sinat
570 1267 650 1350 ltoe
666 1267 793 1382 Ajnx
809 1302 817 1348 :
837 1264 1096 1376 delendaque
1118 1269 1326 1380 Pergama
1338 1283 1512 1376 poseat:

325 1376 531 1492 Quodque
537 1395 686 1490 potest,
693 1395 865 1491 pugnet.
874 1377 1046 1463 Curnon
1059 1377 1537 1463 remoraturiturosiuuo

325 1491 503 1575 Curnon
515 1520 632 1574 amsa
645 1491 793 1601 cupit?
804 1491 895 1585 dot,
909 1489 1025 1602 quod
1034 1521 1143 1606 uago
1155 1493 1273 1573 turbu
1292 1493 1523 1603 sequetur?

321 1603 421 1688 Non
434 1620 522 1686 erut
534 1605 613 1687 bue
625 1605 812 1703 nimium,
826 1631 1047 1713 numquam
1062 1605 1147 1686 nisi
1159 1632 1314 1716 magna
1327 1605 1527 1716 loquenti.

325 1714 465 1830 Quid,
484 1713 600 1829 quod
615 1733 655 1799 et
672 1718 760 1826 ipse
767 1717 925 1832 fugit?
942 1715 1047 1818 uidi,
1061 1715 1293 1828 puduitque
1312 1717 1484 1819 uidem,

373 3443 438 3496 216.
457 3440 531 3496 Eece
549 3437 629 3496 bovis
649 3438 760 3497 monitu
773 3437 910 3519 deceptus
925 3439 1047 3518 imagine
1058 3439 1161 3497 somni.
1174 3441 1231 3498 Tot
1251 3458 1332 3498 uoces
1351 3439 1549 3498 substantivae

317 3533 380 3588 sine
399 3529 463 3587 ulla
480 3529 630 3604 adjectiva
649 3539 703 3586 aut
723 3529 851 3606 epitbeto
869 3533 917 3586 vix
936 3531 1009 3587 aiibi
1026 3535 1056 3586 in
1076 3549 1135 3588 uno
1154 3549 1237 3588 versu
1258 3531 1341 3607 apud
1360 3540 1549 3589 nostrumne·

318 3631 451 3680 currant.
463 3623 572 3678 Censeo
591 3619 782 3688 scribendum,

372 3715 445 3771 Eone
464 3712 545 3772 bovis
564 3713 687 3772 monitos
708 3711 844 3792 deceptus
855 3712 976 3791 imagine
996 3733 1118 3772 somnos.

316 3805 390 3863 nibil
398 3805 586 3884 familiarius
604 3806 717 3864 Nasoni
736 3806 781 3864 ln's
801 3809 981 3864 Graecismis.
1002 3805 1103 3864 Moniti
1124 3806 1217 3864 somni
1235 3807 1419 3872 dicebantur,
1439 3808 1543 3883 inqui·

317 3897 379 3955 bus.
400 3894 441 3952 Di
455 3897 641 3972 apparebant
660 3906 732 3952 nota
753 3897 825 3955 baee
845 3907 971 3956 veterum
989 3899 1166 3973 superstitio,
1187 3897 1370 3955 Claudianus
1389 3897 1428 3953 de
1445 3897 1524 3964 Diis,

375 4019 413 4036 ·-
432 3999 482 4044 eut
500 3987 567 4044 otiu
588 4000 760 4057 monstrant,

374 4080 435 4138 Διιι
455 4075 581 4139 monitos
600 4095 678 4140 certe
691 4081 844 4158 dignentur
863 4082 985 4160 imagine
1006 4101 1128 4140 somnos.

316 4173 460 4231 Ausonius
480 4171 621 4228 i’erioclta
643 4171 749 4250 Odyss.
759 4195 806 4230 xr.
817 4171 1005 4232 Telemachus
1017 4195 1032 4230 e
1046 4172 1172 4232 Minerva
1193 4192 1243 4250 per
1262 4171 1403 4229 somnium
1425 4191 1555 4229 commo·

317 4277 412 4324 netur.
434 4265 583 4320 Petronius
599 4263 638 4320 de
658 4269 742 4336 Diis,
763 4267 799 4322 Et
824 4265 893 4342 quid
914 4267 1048 4325 iecissent
1067 4266 1277 4324 admonuerunt
1297 4263 1357 4342 pari
1376 4265 1555 4321 somniorum

318 4371 459 4412 consenso
479 4365 580 4412 noster
597 4358 660 4428 ipsa
678 4355 716 4411 de
736 4356 815 4414 Iside
828 4377 904 4432 quae
918 4357 1090 4416 Telethusae
1107 4359 1138 4413 in
1157 4357 1265 4413 somnis
1283 4355 1457 4430 apparebat.

377 4479 415 4494 ·-
435 4449 546 4508 Monuit
560 4445 741 4524 thalamoque
755 4449 880 4509 recessit.

250 4585 284 4738 q
365 4592 367 4604 ,
