3266 5250
363 289 446 380 352
700 315 735 374 r.
758 287 1071 373 unanimous

277 438 395 526 'Ante
402 439 543 549 fuisse
561 435 649 518 viri
658 493 671 529 ,
690 430 853 546 conjux
872 457 984 514 nunu
1002 457 1091 514 esse
1116 427 1290 540 Quirini
1298 466 1312 526 ;

278 553 389 636 Siste
406 548 658 664 tuosfletus:
677 563 743 648 et,
761 545 804 628 si
819 543 897 625 tibi
912 571 1015 627 curu
1036 537 1209 627 videndi
1407 533 1491 624 835

284 663 485 795 Confugis
502 677 588 757 est,
606 657 714 742 duce
732 687 795 741 me
812 655 949 740 lucum
964 673 1084 766 pete,
1105 653 1210 738 colle
1234 651 1414 764 Quirino

283 777 370 888 Qua
388 776 511 875 viret,
529 789 570 857 et
587 771 779 882 templum
796 769 976 852 Romani
990 768 1105 880 regis
1123 767 1346 849 obumbrat.

280 891 432 980 Paret.
450 903 488 970 et
507 887 719 970 interram
734 885 873 995 pictos
891 879 1065 989 delapsa
1080 905 1299 990 perurens
1314 941 1325 977 ,

280 1001 504 1086 Hersiliam
513 998 650 1114 jussis
663 994 882 1108 compellat
894 993 1060 1081 vocibus
1081 992 1174 1075 Iris.

277 1114 363 1205 Illa
381 1109 617 1197 uerecundo
636 1112 710 1198 viu·
729 1108 876 1194 tollens
894 1105 1052 1188 lumina
1069 1107 1213 1200 vultu,

278 1227 458 1329 ODeu,
476 1223 684 1340 (numque
709 1221 811 1308 milri
821 1281 834 1315 ,
852 1247 930 1304 nec
956 1247 1061 1330 quae
1087 1218 1148 1302 sis
1173 1213 1311 1300 dicere
1330 1241 1484 1324 prom-

365 1358 450 1424 tum
468 1354 549 1449 est3

277 1453 341 1540 Et
356 1453 484 1567 liquet
500 1478 589 1537 esse
606 1446 769 1560 Deam)
787 1445 872 1532 due
887 1510 898 1548 ,
916 1444 942 1531 ὅ
959 1441 1064 1546 due,
1083 1443 1241 1556 inquit,
1259 1455 1300 1522 et
1313 1433 1424 1552 offer

336 3849 400 3917 stt.
420 3841 539 3918 Quirini.
559 3839 693 3901 Romulus
712 3831 773 3898 etim
793 3841 835 3899 ad
855 3843 970 3921 Caprae
994 3844 1130 3922 paludem
1150 3848 1310 3904 exereitum
1334 3843 1492 3916 lustraret,

277 3939 457 3998 desaeviente
476 3945 664 4013 tempestate,
684 3953 821 4012 nusquam
847 3943 1017 4014 comparuit.
1040 3939 1176 3997 Creditus
1201 3950 1297 3996 tamen
1316 3960 1336 3995 a
1356 3941 1490 4014 patritius

278 4041 396 4106 propter
414 4049 523 4088 murum
542 4032 725 4105 asperitatem
746 4029 927 4108 discerptum
947 4031 1022 4090 unde
1041 4041 1107 4090 orta
1137 4035 1212 4089 inter
1230 4043 1330 4108 patret
1349 4043 1378 4088 et
1396 4051 1486 4106 popu.

276 4127 336 4181 tum
355 4123 513 4190 seditione,
531 4123 628 4180 Julius
650 4123 788 4180 Proculus
802 4126 847 4180 uir
865 4125 967 4182 nubitis
978 4125 1008 4180 in
1027 4127 1189 4182 concinnem
1207 4127 1362 4200 processit,
1381 4134 1410 4180 et
1417 4125 1490 4200 jure

272 4217 402 4294 iurando
411 4217 544 4290 firmauit
563 4217 710 4272 Romulum
729 4237 749 4272 a
768 4233 798 4272 se
816 4219 845 4272 in
864 4217 956 4287 colle,
975 4220 1024 4293 qui
1042 4219 1109 4274 inde
1130 4217 1290 4291 Quirinalis
1316 4217 1412 4274 dictus
1432 4229 1487 4284 est,

275 4315 377 4379 visum,
396 4310 563 4387 augustiore
573 4309 695 4384 formu,
715 4329 777 4364 cum
791 4309 831 4365 ad
851 4315 929 4367 Deos
948 4305 1054 4375 abiret.
1075 4321 1127 4368 etu.
1151 4307 1222 4368 iiiuc
1234 4328 1289 4384 pro
1309 4313 1372 4366 Dea
1391 4308 1489 4366 cuitus

272 4417 301 4462 et
321 4406 475 4482 Quirinus,
497 4411 528 4460 ut
546 4403 609 4477 ipse
627 4401 810 4469 mandarat,
827 4403 993 4480 appellatus
1013 4411 1065 4460 est.
