3226 5240
427 307 506 414 452
760 332 793 388 e.
813 331 941 388 0v1o11
969 331 1131 388 sssoets

346 449 448 536 Cum
465 447 567 532 deus
584 450 630 530 in
647 447 803 530 somnis
821 447 955 556 opifer
969 449 1190 529 consistere
1210 446 1324 528 visus

344 565 612 658 Antonium,
631 561 831 658 Romane,
849 575 1008 656 torum;
1025 557 1102 642 sed
1116 556 1255 670 qualis
1274 559 1321 638 in
1339 559 1451 642 aede

342 677 454 761 Esse
469 673 596 770 solet,·
614 671 883 783 baculumque
901 686 1042 754 tenens
1059 687 1221 784 agreste
1239 671 1443 772 sinistra,
1470 671 1543 758 655

347 787 577 872 Caesariem
597 785 666 868 lon
699 813 749 866 ae
767 781 927 868 dentrci
946 781 1150 868 deducere
1167 781 1336 882 barbae,

343 899 406 983 Et
419 894 597 1009 placido
616 812 721 980 1on
742 898 922 978 emittere
934 910 1101 1005 pectore
1119 921 1257 980 voces.-

344 1013 461 1096 Pone
479 1023 622 1104 metus,
641 1009 813 1102 veniam,
831 1008 1135 1118 simulacroque
1147 1023 1289 1089 nostro
1302 1007 1547 1120 reliacum.

346 1125 472 1207 Hunc
490 1119 612 1205 modo
629 1137 879 1220 serpentem,
897 1119 1091 1204 baculum
1110 1120 1183 1232 qui
1199 1120 1380 1204 nexibus
1400 1122 1543 1216 ambit,

347 1234 568 1342 Perspice,
587 1249 627 1316 et
646 1262 773 1344 nsque
792 1247 892 1316 nota
910 1233 1025 1332 visu,
1045 1248 1090 1313 ut
1109 1259 1358 1344 cognoscere
1371 1235 1526 1342 possis.

347 1347 499 1436 Vertar
514 1344 560 1427 in
578 1348 707 1435 hunc:
724 1344 803 1429 sed
818 1344 951 1457 major
965 1376 1060 1442 ero;
1079 1360 1298 1454 tantusque
1317 1343 1511 1442 videbor,

342 1463 396 1544 ln
418 1475 614 1570 quantum
633 1459 744 1542 verti
759 1458 957 1542 coelestio
975 1484 1149 1566 corpora
1167 1454 1325 1540 debent.

344 1569 572 1677 Extemplo
592 1598 686 1653 cum
705 1598 801 1654 voce
819 1569 939 1654 Deus
955 1633 965 1668 ,
984 1597 1078 1652 cum
1098 1597 1197 1652 voce
1214 1567 1391 1676 Deoque

344 1685 521 1768 Somnio
538 1684 641 1782 atie,
660 1683 871 1792 somnique
879 1681 1035 1792 fugam
1053 1681 1134 1762 lox
1154 1679 1265 1762 selmo
1283 1697 1434 1762 secuto
1453 1699 1527 1765 est.

346 1799 520 1882 Postero
539 1791 718 1878 sidereos
741 1792 906 1876 Aurora
913 1793 1142 1904 fugaverat
1159 1793 1299 1904 ignes.-
1476 1793 1552 1880 665

344 1906 503 1991 Incerti
518 1903 623 2016 quid
637 1921 769 2019 egent
784 1933 996 2014 proceres,
1014 1901 1077 1986 od
1093 1904 1245 2011 templa
1258 1905 1386 2011 petiti

348 2017 600 2104 Conveniunt
619 2045 786 2126 operoso
806 2015 895 2099 Dei
902 2055 915 2114 ;
934 2017 1097 2127 quique
1116 2016 1204 2124 ipse
1221 2018 1386 2098 moneri

344 2128 579 2227 sederetis,
599 2129 735 2240 signis
752 2127 998 2212 caelestibus
1018 2123 1202 2226 indicet,
1222 2143 1358 2209 oront.

350 2242 408 2330 V
389 2270 441 2324 ec
456 2240 558 2323 bene
576 2237 796 2342 desierant,
817 2270 913 2324 curn
932 2240 1074 2324 cristis
1091 2267 1242 2322 eureus
1259 2237 1364 2322 cleis

343 2355 395 2438 In
414 2369 602 2461 serpente
620 2352 740 2434 Deus
754 2352 1003 2461 praenuntia
1023 2351 1305 2442 sibilantes,
1486 2353 1555 2460 670

398 3848 463 3904 655.
483 3843 685 3922 Rutulumque.
706 3847 868 3924 AEeculapie
898 3857 984 3922 prout
1004 3847 1113 3906 medico
1145 3863 1197 3905 cur
1221 3849 1395 3908 tribuantur
1420 3855 1555 3929 insignia.

341 3938 462 3996 baculus
479 3948 508 3995 et
527 3937 629 4004 draco,
648 3939 712 4016 iege
732 3941 812 4015 apud
831 3941 1010 3996 Phornutum
1033 3939 1070 3996 de
1082 3938 1153 3998 Nat.
1165 3945 1298 3998 Deorum.
1316 3942 1558 4002 tenerescere.

342 4049 366 4086 s.
378 4045 402 4085 c.
415 4045 457 4086 ιο.
469 4029 735 4107 Pierllierogiypie.
753 4030 801 4090 tab.
815 4037 859 4088 ιδ.
879 4033 979 4090 Natal.
1003 4034 1139 4092 cendit.
1160 4037 1186 4105 i.
1206 4051 1271 4110 cap.
1286 4055 1331 4090 ιι.

394 4123 462 4194 ete.
481 4121 593 4180 Aureus
612 4122 641 4180 in
663 4136 795 4201 serpente
822 4125 909 4181 Deus.
929 4123 1111 4200 AEsculapius
1130 4127 1179 4202 qui
1203 4125 1256 4182 sub
1283 4145 1377 4182 aureo
1408 4131 1558 4186 simulacro

340 4206 508 4278 colebatur,
526 4213 555 4267 in
575 4222 734 4288 serpentem
764 4233 923 4272 conuersus.
950 4219 1107 4289 Serpentes
1133 4225 1229 4272 antem
1256 4215 1366 4271 idcirco
1398 4218 1559 4290 Bsceeiepio

342 4309 409 4358 sunt
429 4303 523 4371 saeri,
542 4306 611 4378 quia
631 4307 790 4362 acutissimi
808 4307 884 4362 visus
903 4327 922 4362 a
943 4306 1072 4380 Plysicie
1091 4325 1153 4364 esse
1170 4306 1315 4363 dicuntur.
1336 4309 1406 4362 Hac
1425 4305 1557 4366 etianie

341 4409 431 4452 cause
452 4411 501 4452 eos
519 4398 687 4454 incubantes
707 4397 850 4456 thesauris
871 4399 1021 4456 custodiae
1039 4403 1140 4478 gratia
1158 4403 1272 4477 antiqui
1286 4399 1454 4476 finxerunt.
