3226 5240
410 269 491 368 442
744 283 778 342 r.
808 283 937 344 ovmn
958 281 1126 344 sisoius

326 405 632 512 Praecipuum,
651 429 735 485 non
754 403 865 485 bella
884 405 1023 516 magis
1027 403 1167 509 finita
1185 403 1424 513 triumphis,

326 517 485 628 Resque
504 511 622 598 domi
634 530 780 628 gestae
793 575 805 609 ,
819 533 1122 626 properataque
1136 513 1277 626 gloria
1295 546 1432 597 rerum

327 631 380 714 In
398 625 517 712 sidus
535 633 685 712 vertere
704 654 852 712 novum
868 691 878 725 ‚
896 628 1139 740 stellamque
1159 643 1412 720 comantem,
1465 637 1540 740 749

332 741 469 938 guam
489 767 566 824 sua
579 741 813 853 progenies.
833 739 978 851 Neque
997 744 1106 823 enim
1124 739 1176 822 de
1201 739 1396 822 Caesaris
1414 743 1538 823 actis

374 854 474 935 llum
493 851 628 966 majus
648 881 771 963 opus,
790 881 914 956 quam
934 852 1051 963 quod
1053 868 1179 962 pater
1193 853 1356 934 exstitit
1375 852 1516 963 liujus.

327 966 500 1050 Scilicet
517 991 742 1077 aequoreos
755 965 855 1074 plus
873 981 934 1047 est
953 962 1162 1048 domuisse
1180 966 1428 1064 Britannos,

328 1079 489 1190 Perque
500 1077 740 1189 papyriferi
756 1075 998 1190 septemflua
1002 1077 1192 1189 flumina
1211 1077 1304 1159 Nili

333 1191 541 1280 Victrices
559 1191 696 1302 egisse
715 1204 851 1288 rates,
870 1190 1160 1299 Numidasque
1176 1189 1371 1282 rebelles,

332 1301 662 1416 Cinyphiumque
682 1301 853 1401 Jubam,
874 1300 1238 1409 Mithridateisque
1256 1316 1482 1384 tumentem

329 1415 580 1504 Nominibus
604 1413 781 1498 Pontum
797 1411 952 1521 populo
969 1413 1176 1528 adjecisse
1199 1413 1391 1526 Quirini,

327 1526 390 1616 Et
411 1527 561 1609 multos
579 1527 801 1625 meruisse,
819 1525 984 1636 aliquos
1002 1527 1137 1639 egisse
1156 1525 1410 1633 triumphos,

331 1639 469 1752 Quam
487 1653 647 1720 tantum
663 1639 858 1770 genuisse
876 1639 1024 1736 virum,
1044 1666 1124 1748 quo
1138 1635 1335 1747 praeside
1353 1669 1490 1720 remam

327 1753 523 1836 Humano
538 1777 703 1862 genem,
722 1750 887 1858 Superi,
906 1751 1086 1832 cavistis
1103 1748 1284 1832 abunde.

326 1863 517 1975 Neforet
534 1843 604 1946 lo'e
621 1863 753 1974 igitur
767 1861 936 1944 mortali
952 1864 1105 1944 semine
1124 1879 1284 1959 cretus;
1460 1863 1538 1972 760

324 1976 403 2064 Ille
422 1975 540 2060 Deus
547 1971 780 2083 faciendus
798 1989 899 2058 erat.
923 1973 1051 2087 Quod
1067 1991 1112 2056 ut
1130 2003 1259 2056 aurea
1278 1969 1393 2056 vidit

323 2085 485 2175 AEneae
499 2087 711 2200 genitrix,
729 2083 843 2168 vidit
862 2116 1021 2196 quoque
1038 2088 1155 2170 triste
1169 2089 1319 2195 parari

322 2198 534 2306 Pontifici
550 2201 694 2299 letum,
712 2215 753 2282 et
770 2197 991 2312 conjurata
1010 2227 1127 2280 arma
1146 2199 1333 2294 moueri;

327 2311 508 2412 Palluit,
527 2328 566 2396 et
584 2313 767 2412 cunctis,
786 2327 831 2392 ut
849 2313 998 2424 cuique
1017 2328 1103 2394 erat
1123 2313 1268 2404 obvia,
1294 2310 1444 2406 Divis,

327 2421 532 2535 Adspice:
549 2421 727 2525 dicebat,
747 2427 909 2533 quantd
928 2425 1032 2508 mibi
1043 2424 1147 2508 mole
1159 2440 1364 2533 parentur
1461 2421 1537 2535 765
1603 2477 1605 2606 Ι

373 4211 436 4283 750.
457 4207 513 4266 Sua
544 4209 699 4287 progenies.
747 4215 880 4268 Octavius
912 4215 1076 4287 Augustus,
1117 4211 1274 4287 adoptione
1302 4211 1378 4270 tatii
1412 4219 1547 4276 Caesaris

311 4303 393 4378 filius
413 4310 441 4360 el
461 4301 577 4370 baares,
611 4321 693 4381 quem
715 4305 747 4360 C.
782 4307 900 4362 Octavio
918 4307 1029 4380 peperit
1055 4307 1142 4363 Accio
1151 4305 1224 4382 filia
1255 4305 1356 4364 lullae
1382 4313 1499 4368 sororis
1525 4307 1548 4361 C.
1596 4313 1597 4384 1

316 4395 390 4451 lolii
421 4393 566 4448 Caesaris.
