3226 5240
417 327 500 436 446
760 355 793 410 u.
813 353 940 414 ovum
957 355 1119 412 sssoms

336 470 656 556 Praemouuisse
674 469 805 578 nefas.
824 470 982 554 Pboebi
997 501 1155 584 quoque
1173 471 1305 552 tristis
1324 471 1466 580 imago

334 579 497 666 Lurida
513 581 708 665 sollicitis
720 585 940 691 praebebat
957 583 1115 666 lumina
1133 584 1266 666 terris.

334 697 465 807 Saepe
473 690 600 804 seces
617 695 728 778 visae
747 693 895 778 mediis
912 693 1057 780 ardere
1075 697 1150 778 sub
1168 696 1314 780 astris:

333 811 464 918 Saepe
481 809 591 890 iuter
605 808 763 892 nimbos
779 824 925 922 guttae
944 805 1129 892 cecidire
1147 823 1353 891 crueatae.

335 919 534 1008 Ceemtus
551 936 590 1002 et
607 919 767 1002 uultum
776 923 998 1034 ferrugine
1016 922 1190 1031 Lucifer
1205 923 1302 1002 atrei

331 1036 511 1143 Sparsus
528 1048 636 1120 erat.-
653 1036 792 1143 spcrsi
810 1037 995 1118 Lunares
1012 1035 1218 1146 sanguiue
1236 1057 1397 1114 currus.
1458 1061 1526 1143 790

335 1147 496 1235 sl'm'stia
514 1145 624 1226 mille
641 1146 747 1230 locis
766 1146 940 1259 Stygius
958 1143 1076 1228 dedit
1094 1146 1233 1228 omina
1250 1145 1371 1228 bubo.-

332 1257 458 1346 Mille
476 1257 581 1367 locis
600 1258 848 1365 lacrymavit
866 1261 965 1342 ebur
973 1298 986 1356 ;
1005 1273 1233 1370 cautusque
1242 1256 1442 1365 feruutur

333 1367 508 1478 Auditi,
527 1372 687 1455 sanctis
699 1388 738 1453 et
756 1373 884 1454 verba
904 1372 1089 1455 minacia
1107 1371 1229 1453 lucis.

337 1483 522 1573 Victima
540 1482 658 1567 nulla
676 1484 790 1578 litat,
808 1511 1061 1598 magnasque
1080 1485 1235 1565 instare
1254 1481 1453 1564 tumultus
1589 1543 1590 1586 q

334 1596 466 1683 Fibra
483 1612 638 1691 mouet,
656 1625 901 1707 caesumque
920 1613 1045 1706 caput
1061 1599 1260 1704 reperitur
1277 1595 1322 1674 iu
1343 1594 1464 1676 eatis.

333 1709 599 1819 Inquesoro,
618 1710 853 1821 circumque
872 1705 1017 1792 domos
1032 1771 1042 1807 ‚
1060 1724 1099 1789 et
1119 1709 1270 1818 templa
1290 1708 1472 1791 Deorum

334 1819 574 1906 Nocturnas
592 1821 774 1905 ululasse
793 1849 945 1921 canes,
965 1821 1207 1932 umbrasque
1224 1821 1417 1902 silentum
1589 1867 1590 1918 t

334 1930 556 2017 Errauisse
563 1933 734 2042 ferunt,
754 1949 984 2046 motamque
1002 1933 1240 2015 tremoribus
1259 1934 1410 2018 urbem.

336 2043 434 2129 Non
453 2059 588 2126 tamen
607 2042 786 2127 iusidias
804 2061 1058 2158 venturaque
1078 2046 1237 2128 vincere
1244 2045 1346 2153 feta
1589 2127 1590 2130 a

334 2155 624 2242 Praemouitus
635 2159 805 2267 potuere
822 2157 985 2255 Deum;
1004 2157 1219 2270 strictique
1228 2159 1429 2268 feruutur
1456 2152 1527 2238 800

335 2270 389 2352 In
408 2270 598 2381 templum
614 2267 776 2382 gladii:
795 2271 1048 2380 nequeenim
1067 2269 1185 2352 locus
1203 2270 1313 2352 ullus
1331 2271 1377 2350 in
1399 2268 1501 2353 Urbe

335 2377 417 2463 Ad
421 2381 599 2490 facinus
614 2443 625 2479 ,
644 2379 859 2491 diramque
871 2381 1037 2490 placet,
1055 2383 1143 2465 uisi
1160 2381 1309 2474 Curia,
1328 2379 1504 2466 caedem.

337 2491 444 2575 Tum
462 2519 553 2576 vero
574 2489 777 2604 t'qtberia
794 2522 919 2576 manu
934 2494 1139 2605 percussit
1157 2499 1334 2603 utraque

384 4271 448 4341 79⁴.
477 4266 601 4328 Victima
625 4267 702 4328 nulla
720 4269 792 4330 litu.
831 4271 939 4340 Neue,
964 4274 1077 4349 inquit,
1110 4272 1204 4330 hostia
1224 4272 1295 4330 deos
1323 4276 1471 4350 siguificat
1488 4289 1536 4327 esse

326 4360 470 4508 pia-‘clusum
490 4361 527 4419 id
545 4380 611 4420 uero
632 4367 754 4422 Caesari
772 4367 912 4432 evenisse,
933 4385 990 4442 qua
1003 4362 1120 4439 diescit
1140 4363 1321 4436 trucidatus,
1340 4368 1439 4424 scribit
1461 4367 1486 4422 T
1485 4381 1535 4421 rat·

327 4469 374 4526 qut
399 4469 442 4511 ut·
