3316 5246
400 325 480 412 232
733 351 768 408 Ρ.
788 350 915 411 ovum
935 349 1100 410 ntsoms

312 471 539 553 Herbarum
554 471 706 567 virtus;
725 484 764 550 et
784 497 845 548 me
863 497 953 549 mea
972 469 1162 552 carmina
1170 469 1346 576 fallunt.

312 583 464 666 Discit:
484 599 523 665 et
543 581 718 713 effigiem
737 581 852 662 nullo
871 609 967 662 cum
985 583 1272 692 corporefalsi

312 696 467 782 Finxit
479 724 569 805 aprr
585 759 595 794 ‚
609 710 849 805 praeterque
869 693 1012 776 oculos
1024 711 1306 778 transcurrere
1322 697 1435 809 regis

310 807 464 907 tressa,
482 825 521 890 et
540 808 585 888 in
602 803 775 888 densum
794 807 976 887 trabibus
994 835 1136 888 nemus
1154 809 1214 889 ire
1232 807 1364 893 videri
1373 871 1386 905 ‚
1430 808 1515 895 360

312 919 498 1002 Plurima
516 949 599 1032 qua
617 919 722 1003 silva
740 935 821 1013 est,
840 936 880 1000 et
897 949 1001 1029 equa
1019 921 1116 1002 loca
1129 923 1282 1030 pervia
1300 951 1385 1005 non
1405 941 1515 1006 sunt.

307 1031 441 1114 Haud
451 1061 585 1131 mora,
603 1030 799 1115 contiuuo
812 1030 996 1141 praedae
1009 1036 1114 1141 petit
1131 1035 1291 1116 inscius
1309 1037 1497 1119 umbram

306 1142 462 1240 Picus,
480 1148 653 1258 equique
670 1145 781 1227 celer
785 1147 937 1254 faniau
943 1147 1001 1226 tia
1020 1160 1138 1258 terga
1155 1147 1376 1258 relinquit3

306 1260 506 1367 Spemque
522 1285 695 1369 sequens
722 1285 889 1350 uanam,
909 1258 1014 1340 silun‘
1025 1256 1156 1368 pedes
1175 1274 1286 1340 errat
1303 1263 1349 1342 in
1371 1261 1472 1346 atta

310 1369 499 1483 Concipit
517 1371 592 1454 illa
606 1399 769 1480 precer,
783 1386 821 1451 et
840 1371 958 1452 verba
976 1369 1171 1476 venefica
1188 1369 1319 1468 dicit,
1429 1371 1516 1460 365

307 1483 557 1597 ignotosque
577 1485 694 1567 Deos
712 1483 855 1596 ignoto
874 1486 1058 1567 carmine
1080 1482 1258 1590 adorat,

311 1597 404 1704 Qun
422 1598 525 1680 solet
542 1613 581 1678 et
598 1597 738 1678 niveae
757 1595 909 1680 ruitura
929 1593 1183 1706 confundere
1199 1600 1346 1681 Lunae
1363 1663 1372 1698 ,

307 1707 368 1790 Et
380 1711 517 1824 patria
537 1709 669 1816 capiti
683 1710 845 1793 bibulas
864 1713 1080 1793 subtexere
1100 1711 1239 1792 nubes.

358 4493 422 4544 366.
443 4491 551 4568 Ignoto.
573 4495 707 4550 Obscuris
727 4503 755 4553 et
777 4517 833 4554 uon
853 4497 1005 4556 intellectis
1025 4501 1124 4558 veritis.
