3226 5240
401 275 482 384 458
735 306 768 362 e.
790 306 916 364 ovum
944 305 1107 366 sesoms

319 413 423 500 Iade
442 417 544 530 legit
568 415 768 526 Capreas,
782 419 1183 530 promontoriumque
1203 415 1453 510 Minervae,

320 528 383 613 Et
401 527 642 614 Surrentino
656 557 879 642 generosos
893 533 1066 641 palmite
1083 529 1235 623 eolles,
1463 557 1539 638 7¹0

320 639 644 755 Herculeamque
664 646 821 744 urbem,
840 643 1084 756 Stabiasque
1102 658 1141 724 et
1159 644 1205 724 in
1225 642 1310 726 otia
1328 657 1486 723 notam

319 751 635 864 Parthenopen,
655 771 695 836 et
711 759 765 838 ab
784 758 864 840 trae
886 754 1089 840 Cumaeae
1107 754 1259 863 templa
1277 754 1494 864 Sibyllae.

320 864 435 947 Hine
452 864 761 977 calidifontes,
779 869 1157 980 lentisciferumque
1174 883 1365 950 tenentur

320 976 583 1078 Linternum,
603 980 851 1091 multamque
870 982 1036 1064 trahens
1054 981 1130 1064 sub
1145 981 1312 1094 gurgite
1331 1007 1516 1062 arenam

326 1089 598 1188 Velamen,
617 1093 826 1205 niveisque
835 1095 1037 1203 frequens
1055 1093 1252 1176 Sinuessa
1266 1091 1489 1188 colubris,

323 1200 648 1318 Minturnaeque
664 1233 833 1318 graves,
853 1223 892 1288 et
911 1235 1033 1316 quam
1054 1205 1268 1290 tumulavit
1286 1204 1531 1300 emmaum,

322 1313 658 1430 Antiphataeque
680 1325 843 1418 domus,
869 1318 1137 1428 Trachasque
1155 1319 1321 1400 obsessa
1334 1313 1526 1426 palude,

322 1423 384 1507 Et
402 1426 522 1510 tellus
544 1427 715 1514 Circaea
731 1496 741 1532 ,
760 1449 799 1512 et
816 1431 942 1542 spissi
958 1431 1110 1513 littoris
1129 1429 1318 1512 Antium.

324 1537 422 1622 Huc
440 1540 512 1621 ubi
527 1542 745 1650 veliferam
764 1557 915 1625 nautae
933 1541 1151 1626 aduertere
1169 1544 1380 1634 carinam,

324 1649 501 1844 S'Asper
517 1655 628 1736 enim
636 1655 730 1768 jam
746 1672 899 1766 pontus
916 1652 1035 1766 erat)
1054 1653 1173 1738 Deus
1190 1655 1382 1762 explicat
1401 1657 1540 1754 orbes,

364 1793 485 1874 erque
503 1765 621 1849 sinus
639 1770 802 1850 crebros
820 1785 859 1848 et
880 1797 1035 1880 magna
1055 1767 1262 1852 volumino
1281 1766 1451 1860 labens,

324 1874 496 1986 leruplo
509 1881 696 1987 parentis
714 1881 791 1961 init
795 1879 961 1992 flumem
982 1879 1198 1992 tangentia
1217 1879 1347 1962 littus.

324 1985 508 2098 AEquaru
520 2007 677 2100 pacato
690 1995 853 2100 patrios
875 1989 1135 2099 Epidaurius
1154 2019 1253 2072 aros

323 2099 513 2210 Linquit,
533 2117 571 2182 et
591 2104 767 2212 hospitio
775 2105 923 2215 juncti
937 2103 1015 2184 sibi
1037 2103 1219 2184 numinis
1237 2130 1339 2184 usus

322 2211 548 2298 Littoream
567 2231 703 2298 tractu
724 2244 919 2326 squamae
938 2216 1180 2322 crepitantis
1197 2243 1369 2296 arenam
1459 2217 1538 2324 725

324 2324 471 2408 Suloot
489 2341 548 2426 et,
568 2327 746 2409 innixus
764 2327 1040 2410 moderamine
1059 2329 1204 2412 novis.-
1222 2328 1268 2408 in
1288 2326 1382 2410 altri

324 2435 467 2546 Puppe
486 2431 612 2547 eaput
625 2438 791 2545 posuit,
811 2437 945 2522 donea
967 2435 1254 2547 Castrumque,
1273 2466 1507 2552 sacrasque

1205 2573 1209 2580 '
1600 2573 1601 2616 i

376 2855 439 2910 709·
459 2838 589 2916 capram
610 2839 698 2894 lnsul.
719 2841 808 2894 maris
832 2840 974 2917 Tyrrheni
993 2851 1096 2896 eontra
1118 2841 1352 2896 Promontorium
1376 2845 1545 2910 lsraeroae,

319 2929 426 2985 Tilrert‘i
445 2945 560 2986 secessu
571 2941 680 2986 notam.
709 2931 995 3007 Promontoriumque
1015 2933 1169 2990 Minervae.
1198 2934 1232 2986 ln
1246 2933 1326 2986 illiue
1339 2945 1443 2991 autern
1456 2949 1546 2992 extre.

317 3026 418 3074 maest
438 3018 618 3084 Aetnaeum,
638 3018 690 3075 hoe
706 3030 765 3086 est,
784 3021 935 3076 Minervae
953 3021 1106 3090 sacellum,
1125 3021 1204 3096 quael
1227 3021 1349 3096 Ulysses
1370 3025 1544 3103 aedificasse
1601 3077 1602 3096 ,

316 3117 465 3165 narratur.
1601 3105 1602 3136 ³

376 3219 440 3270 qu.
469 3195 647 3275 Stabiasque.
667 3199 787 3255 Stabiae
806 3201 942 3276 oppidem
952 3201 1015 3273 fuit
1037 3205 1228 3278 Campaniae:
1249 3215 1328 3279 quod
1341 3205 1422 3262 bello
1442 3209 1545 3264 sociali

317 3309 335 3342 a
357 3287 440 3363 Sylla
468 3289 593 3346 deletum
615 3295 643 3344 tn
662 3291 746 3346 villas
765 3291 847 3346 abiit.
887 3291 1063 3368 Stabiasque.
1101 3295 1300 3361 Amoenitate,
1325 3307 1357 3351 et
1377 3299 1543 3358 studiorum
1600 3243 1602 3368 i

317 3396 429 3434 secessu
448 3377 568 3435 nomam
587 3379 755 3454 Neapolim,
775 3383 878 3437 Horat.
902 3386 926 3438 5.
947 3383 1043 3456 Epoel.

376 3490 440 3542 7¹²·
470 3469 681 3548 Parthenopen.
698 3473 852 3545 Neapolim
865 3475 894 3528 in
907 3479 968 3530 otia
989 3485 1088 3530 natam
1107 3479 1198 3550 poe'ila
1211 3481 1255 3534 ait
1266 3489 1388 3552 propter
1407 3483 1538 3540 lxmam

317 3563 542 3629 amoenitatem,
570 3580 627 3639 quo
658 3582 689 3618 se
718 3565 838 3618 Romani
870 3568 991 3622 otiaturi
1028 3564 1224 3638 coefferehant.
1256 3569 1401 3628 Cumaeae
1436 3573 1538 3650 templa

320 3645 456 3726 sybillae.
484 3653 523 3706 Bt
543 3661 607 3724 post
627 3651 703 3710 harre
721 3653 875 3726 Neapolim
895 3658 1000 3712 transit
1021 3661 1126 3712 Cumas
1148 3659 1327 3730 Campaniae
1346 3663 1471 3732 urbem,
1487 3683 1542 3719 mo·

235 3779 245 3800 .
316 3757 393 3796 aune
412 3761 430 3795 a
451 3740 573 3815 Sttptto
591 3743 779 3798 nobilitatam.

374 3835 439 3904 7¹³·
468 3832 742 3910 Lentiscsieromque
766 3847 897 3891 tenentos
920 3835 1099 3893 Linteroum.
1115 3839 1274 3896 Lentiscum
1293 3842 1431 3898 arborem
1441 3845 1545 3918 serens

318 3925 497 3992 linternum,
517 3925 594 3998 quad
613 3923 726 4002 quidem
745 3937 787 3982 est
807 3927 942 4002 oppidum
964 3933 1157 4003 Campaniae,
1184 3931 1275 3986 exilia
1296 3936 1420 4008 maioris
1439 3941 1545 4012 Scipio·

316 4017 376 4081 nis,
395 4025 423 4070 et
442 4016 593 4090 sepulchra
612 4025 737 4074 aroenae
754 4019 859 4074 nobile.

374 4127 439 4179 7¹7·
468 4109 706 4186 Antiphataeque.
735 4113 879 4167 Formiae.
898 4111 1078 4188 Antiphatae
1102 4116 1334 4192 Laestrygonum
1354 4123 1421 4195 regi
1442 4141 1543 4199 regna-
1599 4139 1602 4164 ¹

318 4208 374 4255 tue.
396 4197 593 4276 Trachasque,
615 4204 799 4269 Tarracina,
826 4207 931 4259 liseur.

374 4308 438 4361 7²7·
467 4291 662 4366 Castrumque.
693 4295 827 4347 Castrum
855 4293 992 4359 lanista
1012 4305 1077 4361 est,
1109 4296 1217 4367 Panas,
1241 4301 1322 4355 Latii
1352 4319 1423 4376 opp.
1446 4306 1540 4363 Donec

316 4377 512 4456 Castrumque.
543 4381 674 4436 Castrum
688 4381 825 4457 oppidum
837 4395 880 4440 est
900 4385 975 4444 terit
994 4387 1070 4444 inter
1083 4389 1231 4446 herimum
1246 4399 1276 4448 et
1290 4392 1429 4450 Hostiam
1450 4399 1539 4450 eison.
