3316 5246
386 277 463 388 184
723 299 1085 362 1².ov1nttntsoms

296 424 532 522 Inarimen,
552 420 872 530 Prochytenque
890 418 1013 530 legit,
1031 419 1245 530 sterilique
1262 420 1425 508 locatas

300 533 415 618 Colle
439 535 705 635 Pithecusas,
724 533 981 616 habitantum
1000 533 1165 613 nomine
1181 530 1334 618 dictat.
1456 565 1507 651 9⁰

301 647 464 758 Quippe
481 649 618 736 Dezim
634 649 803 759 genitor
807 643 1022 754 fraudem,
1040 660 1079 727 et
1092 643 1278 756 perjuria
1297 648 1509 757 quondam

302 759 526 870 Cercopum
549 789 725 859 exosus,
741 759 963 873 gentisque
981 756 1169 842 admissa
1186 756 1358 843 dolosae
1368 801 1384 860 ;

297 875 350 956 In
370 871 554 982 deforme
572 873 689 954 viros
706 870 870 953 animal
884 873 1076 956 mutavit:
1095 886 1140 953 ut
1158 871 1267 955 idem

297 987 540 1069 Dissimiles
559 985 717 1066 lzomini
729 1001 920 1095 pensent,
939 984 1176 1094 similesque
1194 982 1346 1068 videri.

297 1101 566 1209 Membraque
585 1100 820 1195 contraxit,
841 1127 1042 1210 naresque
1060 1127 1087 1176 o
1095 1099 1240 1206 fronte
1258 1100 1431 1181 resimas
1456 1097 1511 1212 95

300 1209 500 1295 Contudit
512 1227 582 1309 ,let
602 1211 720 1323 rugis
734 1211 952 1318 peraravit
971 1211 1152 1292 anilibus
1172 1239 1260 1295 ora.

300 1323 344 1408 Τ
341 1340 490 1434 otaqne
508 1327 662 1408 velatos
666 1321 861 1437 flaventi
877 1351 1053 1430 corpora
1073 1324 1170 1406 villo

298 1437 425 1523 Misit
441 1437 486 1517 in
504 1437 582 1519 hos
607 1437 747 1532 sedes;
765 1463 843 1517 nec
862 1464 944 1516 non
959 1437 1079 1545 prius
1097 1436 1269 1518 abstulit
1288 1467 1407 1520 usum

1632 3257 1633 3298 i

359 3553 404 3607 9⁰·
416 3529 580 3590 Pithecusas
605 3530 784 3590 habitantum
806 3535 920 3590 nomine
941 3531 1042 3590 «lictus.
1059 3531 1213 3590 Pitltecusa
1235 3535 1330 3590 insula
1352 3546 1395 3590 cst
1415 3536 1447 3590 in
1466 3537 1528 3592 sinu
1632 3537 1633 3590 i

306 3627 457 3692 Campano
470 3625 565 3679 utem
579 3624 608 3679 in
621 3625 831 3680 monteltalrens
840 3625 1020 3692 Pithecusas,
1034 3647 1051 3678 a
1067 3625 1250 3680 multitudine
1270 3627 1418 3680 simiarum
1436 3626 1526 3681 dieta.

303 3715 379 3772 Nam
397 3705 520 3780 πίθηκος
539 3717 622 3770 simia
642 3715 973 3788 dictiontnpteerentn
996 3717 1152 3788 Cercopum
1172 3715 1325 3790 perfidiam
1339 3717 1409 3770 odio
1422 3715 1530 3771 notens
1632 3741 1633 3772 ι

305 3824 354 3862 eos
365 3805 394 3858 in
414 3808 512 3858 simios
531 3809 690 3869 convertit,
703 3804 835 3879 ltnncque
854 3803 978 3858 insulam
992 3803 1053 3860 illis
1065 3806 1230 3880 assignavit
1243 3803 1450 3861 tantecaudum.
1463 3805 1536 3860 Plin.

306 3898 402 3954 scribit
422 3917 442 3950 a
452 3898 589 3972 figulinis
607 3897 798 3952 delicatiorum
818 3898 1034 3952 denominatam
1054 3913 1134 3967 essen
1157 3897 1254 3955 Pithos
1272 3915 1397 3972 namque
1425 3897 1535 3953 dolium

306 4013 325 4048 a
347 3991 466 4046 Graecis
486 3991 665 4064 appellatur.

363 4103 409 4154 9¹·
429 4081 550 4157 Quippe.
572 4081 690 4136 insulae
710 4080 851 4136 inarimos
881 4079 1017 4147 incolae,
1037 4090 1069 4137 ul
1088 4077 1174 4137 habet
1193 4079 1324 4146 Suidns,
1343 4083 1427 4155 impii
1447 4089 1534 4156 atque

308 4171 431 4244 improbi
448 4181 533 4226 erant
554 4175 739 4246 impostorem
752 4173 781 4228 in
801 4171 846 4227 tis
855 4169 979 4244 sralres
999 4169 1060 4227 duo
1081 4171 1232 4229 candolus
1246 4182 1274 4228 el
1295 4171 1398 4238 Atlas,
1419 4185 1538 4246 quorum

309 4263 387 4318 alter
407 4261 540 4346 paxillus,
553 4263 632 4318 alter
643 4263 724 4321 incus
746 4262 843 4320 dictus
853 4285 860 4317 e
871 4261 964 4337 fidem
976 4265 1043 4320 lovi
1054 4263 1157 4318 dotans
1170 4281 1234 4320 cunt
1253 4263 1431 4330 violassent,
1444 4276 1538 4318 omnes

309 4361 339 4412 in
358 4358 458 4412 simias
475 4358 581 4414 mutati
599 4368 683 4424 sunt,
707 4356 825 4436 Accepit
847 4353 941 4416 labala
964 4356 1056 4435 prisca
1076 4353 1171 4414 fidem.
