3252 5256
588 431 642 534 r.
684 427 907 540 0v1u11
945 425 1249 538 uusouts

441 637 1394 794 METAMORPHOSEON
1505 773 1507 776 ,

580 883 738 966 Ltlttttt
769 883 1255 975 DECIMUSTERTIUS

643 1133 652 1154 ,
760 1073 1070 1146 errrorem.

317 1293 483 1506 Aiax,
503 1417 542 1477 et
565 1391 727 1504 Ulysses
747 1411 897 1474 certant
918 1388 968 1472 de
987 1393 1110 1476 armis
1129 1393 1312 1487 Achillis,
1345 1393 1446 1504 Ajex
1481 1392 1521 1476 in

369 1505 509 1590 florem
521 1529 710 1589 mutatur.
723 1505 869 1615 Trojoe
882 1503 1100 1587 excidium.
1114 1503 1315 1618 Polyxena
1330 1529 1523 1590 mactatur

369 1619 419 1702 nd
441 1619 608 1704 Achillis
629 1617 847 1700 tumulum.
867 1615 1035 1700 Hecuba
1055 1617 1095 1701 in
1111 1647 1250 1702 canem
1270 1619 1523 1703 convertitur:

368 1734 464 1819 Auii
483 1732 588 1816 filiae
603 1731 643 1813 in
659 1728 880 1814 columbas.
894 1729 1175 1816 Memnonides
1189 1761 1315 1815 avese
1333 1733 1525 1816 Memno-

368 1847 430 1930 nis
450 1876 546 1957 rogo
580 1867 807 1926 nascuntur.
830 1841 906 1925 lter
925 1846 1082 1927 Aeneae
1102 1845 1143 1928 in
1162 1849 1344 1940 Italiam,
1377 1847 1417 1927 io
1476 1873 1527 1928 ua

368 1960 498 2041 variae
529 1958 872 2068 metamorphoses
890 1957 1217 2068 perstringuntur.
1246 1959 1339 2042 Acis
1361 1960 1401 2040 in
1439 1875 1473 2040 il

370 2073 485 2154 vium
518 2071 706 2183 liquescit
740 2066 895 2178 fugiens
928 2068 1239 2182 Polyphemum.
1272 2071 1453 2154 Glaucus
1478 2069 1526 2154 fit

368 2183 502 2294 piscis:
520 2179 759 2295 Charybdis,
778 2212 936 2293 vorago.

318 2390 568 2521 Consedere
586 2421 737 2510 duces.-
755 2441 814 2523 ct,
834 2423 958 2536 vulgi
974 2441 1110 2506 stante
1128 2429 1288 2510 coronri
1297 2491 1307 2527 ,

314 2540 457 2655 Surgit
479 2537 540 2620 ad
556 2539 630 2618 ltus
648 2537 789 2649 clypei
805 2535 999 2620 dominus
1017 2540 1293 2650 septemplicis
1313 2536 1463 2648 Aiax:

318 2655 454 2761 thue
472 2668 560 2734 erut
575 2651 796 2760 ‘impatiens
816 2651 923 2750 irae,
943 2650 1087 2763 Sigeia
1106 2667 1230 2736 torvo
1620 2731 1621 2744 ,

314 2771 477 2851 Littera
497 2765 699 2872 respexit,
718 2763 974 2875 classemque
993 2767 1037 2846 in
1056 2765 1191 2846 littore
1210 2767 1345 2852 vultu.-
1494 2771 1527 2870 4
1620 2793 1621 2840 3

311 2876 615 2990 [intendensque
634 2905 800 2968 ruentes,
820 2879 1004 2988 Agimus
1019 2944 1028 2979 ‚
1042 2880 1120 2988 prii
1138 2877 1342 2989 suppum,
1361 2878 1524 2988 inquit,
1620 2877 1621 2942 l

312 2989 427 3076 Ante
445 3007 554 3072 rates
573 3017 765 3076 causeum
773 3029 787 3087 ;
806 3007 845 3070 et
863 3019 1021 3076 mecum
1039 2992 1251 3096 confertur
1270 2987 1475 3100 Ulysses!

361 3233 434 3291 rat.
446 3237 470 3290 t.
481 3233 549 3308 Arg.
574 3226 734 3286 Consedere
752 3226 848 3286 duces.
862 3227 974 3288 Achille
987 3229 1085 3306 sagitte
1097 3228 1205 3286 Periclis
1225 3228 1408 3307 interempto,
1428 3248 1536 3306 mogun

308 3325 383 3382 inter
402 3326 520 3400 Ajacem
541 3332 570 3379 et
588 3318 719 3395 Ulyssem
741 3319 887 3377 contentio
908 3331 968 3376 orte
995 3331 1048 3385 est,
1069 3332 1132 3376 uter
1150 3319 1275 3398 ipsorum
1295 3317 1370 3374 illiue
1389 3319 1472 3374 ermis
1489 3317 1538 3374 di·
1620 3331 1621 3338 ’

308 3416 391 3496 gnior
409 3433 491 3472 esset.
505 3415 699 3490 igumemoon
720 3422 824 3476 eutem,
845 3429 880 3466 ne
900 3409 930 3464 in
950 3407 1065 3466 ulterius
1084 3408 1180 3467 odium
1200 3409 1351 3477 incideret,
1368 3408 1446 3468 illius
1464 3429 1539 3467 con·

313 3507 448 3566 tentionis
467 3502 604 3583 judicium
624 3501 660 3558 ed
682 3500 823 3579 principes
842 3502 1016 3558 Graecorum
1036 3502 1157 3576 rejecit,
1177 3515 1210 3560 nt
1229 3523 1280 3580 pro
1298 3503 1402 3563 uirtute
1421 3521 1455 3560 ec
1474 3521 1541 3560 me·
1620 3474 1621 3539 l

302 3599 364 3656 ritis
384 3597 531 3674 utriusque
551 3613 630 3652 orme
661 3589 743 3647 elteri
773 3589 1070 3666 adjudicarent-iusso
1096 3592 1181 3671 igitur
1206 3606 1328 3670 utroque
1349 3594 1378 3649 in
1399 3611 1540 3651 consessu

302 3690 462 3772 principum
490 3705 600 3745 cnumm
631 3701 734 3760 egere,
755 3701 811 3740 non
843 3684 949 3743 virtute
968 3697 1017 3742 eut
1048 3687 1174 3756 meritis,
1192 3686 1241 3744 sed
1273 3686 1455 3763 eloquentie;
1475 3707 1539 3762 que
1598 3673 1601 3679 ⁵

303 3783 456 3860 plurimum
477 3778 598 3845 reiciunt,
617 3774 733 3852 Ulyssce
751 3773 866 3844 cliecit,
888 3793 920 3834 ut
940 3777 992 3834 sibi
1012 3799 1088 3836 nrme
1121 3778 1359 3852 adjudicarentur.
1382 3778 1461 3836 lllem
1482 3798 1538 3837 eu·

303 3887 361 3932 tem
380 3871 521 3951 repulsam
542 3871 614 3944 Aiax
633 3866 705 3924 edeo
735 3886 818 3944 eegr-e
838 3867 913 3938 tulit,
933 3882 965 3926 nt
977 3872 1098 3948 primum
1112 3871 1234 3930 furiosus
1251 3872 1288 3929 eit
1308 3873 1437 3940 effectus,
1450 3871 1539 3930 dein·

306 3967 342 4024 de
363 3987 427 4024 cum
449 3963 633 4040 reeipuissct,
656 3959 747 4036 gladio
765 3959 933 4019 incumbens
953 3981 982 4020 ee
1003 3964 1093 4041 ipsum
1120 3963 1313 4023 interfecerit:
1344 3966 1394 4024 sed
1414 3966 1536 4024 tandem

305 4057 487 4118 miseratione
506 4057 630 4112 Deorum
650 4053 680 4108 in
700 4049 886 4128 hyacinthum
908 4055 1005 4111 ilorem
1025 4055 1079 4112 luit
1099 4069 1297 4114 commutatus.

363 4153 392 4204 3.
412 4146 508 4223 Sige'ie
528 4143 634 4201 littore.
662 4145 778 4220 Sigeum
798 4151 827 4198 et
846 4145 913 4199 urbs
932 4153 960 4200 et
978 4151 1201 4220 promontorium
1220 4155 1264 4204 est
1285 4146 1425 4214 Troadis,
1439 4145 1541 4222 juxte

306 4235 383 4314 quod
404 4239 578 4292 Graecorum
598 4235 699 4288 classis
717 4233 859 4289 subducta
880 4242 953 4291 eret.

360 4331 389 4385 6.
408 4328 485 4384 Ante
510 4337 595 4382 retes.
626 4329 654 4381 A
673 4325 773 4400 quibus
805 4343 859 4400 ego
877 4324 956 4381 eolus
981 4327 1110 4382 Hectoris
1129 4326 1221 4402 sacer
1245 4331 1361 4404 repuli,
1393 4349 1457 4387 cum
1477 4333 1539 4388 alii
1620 4375 1621 4424 p

306 4420 419 4485 Graeci,
438 4418 631 4492 inprimisque
655 4415 787 4491 Ulyssem
805 4414 883 4472 illiue
902 4417 959 4474 viri
976 4418 1111 4493 impetum
1130 4436 1186 4477 uon
1205 4422 1388 4490 sustinentes,
1406 4438 1458 4478 ees
1478 4419 1534 4480 de-
1620 4463 1621 4500 Ξ

305 4513 453 4568 seruerim.
