3226 5240
411 307 493 416 430
746 333 780 390 P.
799 334 928 390 ovum
951 333 1116 392 nesouls

332 445 395 530 Et
401 466 493 558 pete
511 475 624 531 nuno
636 454 823 556 propiore
842 448 961 546 looo;
980 477 1056 532 nee
1073 449 1272 558 Apolline
1289 452 1435 540 vobis,

337 560 425 672 Qui
439 563 597 643 minuat
616 558 773 660 luctus,
793 588 895 669 opus
914 576 975 644 est
981 600 995 658 ;
1014 561 1088 643 sed
1104 561 1303 671 Apolline
1320 579 1440 644 nato.

336 675 399 758 Ite
416 675 534 758 bonis
551 675 694 758 avibus
708 735 717 771 ‚
732 673 966 784 prolemque
983 675 1177 756 arcessite
1195 691 1394 759 nostram.
1462 671 1536 781 640

333 785 463 871 Jussa
481 785 570 869 Jlei
579 783 765 897 prudens
777 800 997 896 postquam
1015 793 1208 893 accepere
1226 787 1426 886 Senatus,

337 898 473 1009 Quam
492 898 629 997 eolat,
647 896 870 1005 explorant
882 938 895 995 ;
903 897 1079 1010 juvenis
1098 899 1325 982 Phoebeius
1342 901 1516 996 urbem,

336 1011 498 1122 Quique
512 1025 657 1122 petant
674 1011 814 1092 ventis
833 1005 1071 1120 Epidauria
1089 1012 1228 1093 littora
1247 1013 1429 1093 mittunt.

339 1123 457 1318 guae
475 1123 602 1205 simul
617 1124 807 1205 incursui⁴
822 1123 940 1205 missi
955 1123 1123 1234 tetige‘te
1140 1125 1307 1221 caninii,-

375 1237 570 1320 onoilium
591 1231 822 1346 Graiosque
836 1250 977 1343 patres
995 1234 1154 1336 amen,
1171 1234 1402 1346 darentque
1463 1232 1540 1342 645

337 1345 513 1432 Oraoe¹re
529 1348 668 1430 Deum
676 1385 689 1444 ;
707 1349 782 1458 qui
791 1375 988 1456 praesens
995 1348 1152 1455 funera
1167 1350 1306 1458 gentis

335 1459 485 1548 Finiat
502 1459 740 1544 Ausoniae:
758 1475 893 1544 certas
911 1461 971 1541 ita
989 1457 1127 1542 dicere
1145 1475 1285 1544 sortes.

336 1569 549 1670 Dissidet,
568 1585 607 1654 et
625 1571 756 1656 variat
773 1572 976 1654 sententia
990 1610 1002 1669 ;
1015 1597 1195 1682 parsque
1212 1570 1456 1684 negandum

336 1681 435 1767 Non
448 1698 570 1793 putat
587 1683 824 1782 aunilium;
844 1682 964 1764 multi
979 1705 1166 1782 renuere,
1184 1711 1386 1794 suamque

337 1793 436 1879 Non
454 1795 634 1880 emittere
648 1823 782 1905 opem,
799 1823 877 1877 neo
895 1795 1065 1876 numina
1082 1793 1245 1876 tradere
1261 1793 1457 1878 suadent.

337 1907 454 1992 Dum
473 1907 682 2000 dubitant,
702 1935 835 1992 seram
848 1907 1039 2016 pepulere
1057 1905 1301 2015 crepuscula
1319 1907 1482 2000 lucem,

337 2018 604 2133 (Umbroque
621 2018 780 2104 telluris
797 2019 981 2108 tenebras
1001 2016 1229 2102 induxerat
1247 2015 1392 2130 orbis)

399 4193 465 4264 ets.
484 4191 634 4272 Epidauria
651 4195 755 4254 littore.
774 4195 959 4271 Epidaurus,
978 4214 1054 4273 quae
1072 4204 1101 4253 et
1123 4193 1294 4272 Epidaurus
1314 4199 1495 4274 appellatur
1513 4205 1556 4270 (εἰ

346 4280 453 4338 Straba
472 4287 537 4358 ait)
556 4284 624 4342 urbs
642 4295 685 4342 est
703 4290 841 4343 Sateniea
865 4291 942 4347 sinui
960 4287 1119 4362 adjacens,
1140 4305 1215 4364 quae
1233 4297 1262 4344 et
1289 4289 1427 4348 Hilissia
1446 4301 1478 4349 et
1499 4291 1560 4346 tue

349 4387 430 4427 mera
449 4373 517 4430 alins
527 4373 595 4450 suit
614 4375 716 4445 dicta,
734 4378 838 4454 templa
853 4378 1012 4455 Esealepti
1031 4377 1156 4436 maximi
1175 4381 1305 4456 insignis.
