<?xml version="1.0" encoding="UTF-8"?>
<!DOCTYPE html PUBLIC "-//W3C//DTD XHTML 1.0 Transitional//EN"
    "http://www.w3.org/TR/xhtml1/DTD/xhtml1-transitional.dtd">
<html xmlns="http://www.w3.org/1999/xhtml" xml:lang="en" lang="en">
 <head>
  <title>
</title>
<meta http-equiv="Content-Type" content="text/html;charset=utf-8" />
  <meta name='ocr-system' content='tesseract 3.04.00' />
  <meta name='ocr-capabilities' content='ocr_page ocr_carea ocr_par ocr_line ocrx_word'/>
</head>
<body>
  <div class='ocr_page' id='page_1' title='image "./povidiinasonism02angugoog_0428.png"; bbox 0 0 3226 5240; ppageno 0'>
   <div class='ocr_carea' id='block_1_1' title="bbox 383 279 1091 391">
    <p class='ocr_par' dir='ltr' id='par_1_1' title="bbox 383 279 1091 391">
     <span class='ocr_line' id='line_1_1' title="bbox 383 279 1091 391; baseline 0.003 -25"><span class='ocrx_word' id='word_1_1' title='bbox 383 279 465 391; x_wconf 79' lang='grc'><em>408</em></span> <span class='ocrx_word' id='word_1_2' title='bbox 719 311 753 368; x_wconf 78' lang='lat'><em>1².</em></span> <span class='ocrx_word' id='word_1_3' title='bbox 774 309 904 370; x_wconf 81' lang='lat' dir='ltr'><em>ovmu</em></span> <span class='ocrx_word' id='word_1_4' title='bbox 925 305 1091 368; x_wconf 71' lang='lat' dir='ltr'><em>ussurus</em></span> 
     </span>
    </p>
   </div>
   <div class='ocr_carea' id='block_1_2' title="bbox 300 419 1528 2116">
    <p class='ocr_par' dir='ltr' id='par_1_2' title="bbox 300 419 1433 648">
     <span class='ocr_line' id='line_1_2' title="bbox 300 419 1433 538; baseline -0.003 -29"><span class='ocrx_word' id='word_1_5' title='bbox 300 426 418 510; x_wconf 85' lang='lat' dir='ltr'><em>Retia</em></span> <span class='ocrx_word' id='word_1_6' title='bbox 437 453 531 508; x_wconf 90' lang='lat' dir='ltr'><em>cum</em></span> <span class='ocrx_word' id='word_1_7' title='bbox 546 421 731 536; x_wconf 86' lang='lat' dir='ltr'><em>pedicis,</em></span> <span class='ocrx_word' id='word_1_8' title='bbox 751 425 1028 538; x_wconf 75' lang='lat' dir='ltr'><em>laqueosque,</em></span> <span class='ocrx_word' id='word_1_9' title='bbox 1045 440 1236 536; x_wconf 79' lang='lat' dir='ltr'><em>artesque</em></span> <span class='ocrx_word' id='word_1_10' title='bbox 1253 419 1433 506; x_wconf 75' lang='lat' dir='ltr'><em>densas</em></span> 
     </span>
     <span class='ocr_line' id='line_1_3' title="bbox 309 535 1322 648; baseline -0.002 -26"><span class='ocrx_word' id='word_1_11' title='bbox 309 537 480 638; x_wconf 82' lang='lat' dir='ltr'><em>Tollite,</em></span> <span class='ocrx_word' id='word_1_12' title='bbox 500 567 578 624; x_wconf 89' lang='lat' dir='ltr'><em>nec</em></span> <span class='ocrx_word' id='word_1_13' title='bbox 598 539 810 626; x_wconf 81' lang='lat' dir='ltr'><em>uolucrem</em></span> <span class='ocrx_word' id='word_1_14' title='bbox 828 539 999 621; x_wconf 73' lang='lat' dir='ltr'><em>viscata*</em></span> <span class='ocrx_word' id='word_1_15' title='bbox 1005 537 1151 648; x_wconf 88' lang='lat' dir='ltr'><em>fallite</em></span> <span class='ocrx_word' id='word_1_16' title='bbox 1169 535 1322 646; x_wconf 59' lang='lat' dir='ltr'><em>virgil,</em></span> 
     </span>
    </p>

    <p class='ocr_par' dir='ltr' id='par_1_3' title="bbox 300 647 1528 1217">
     <span class='ocr_line' id='line_1_4' title="bbox 300 647 1528 761; baseline -0.006 -24"><span class='ocrx_word' id='word_1_17' title='bbox 300 650 394 737; x_wconf 81' lang='lat' dir='ltr'><em>Nec</em></span> <span class='ocrx_word' id='word_1_18' title='bbox 402 650 652 759; x_wconf 88' lang='lat' dir='ltr'><em>formidatis</em></span> <span class='ocrx_word' id='word_1_19' title='bbox 670 679 815 738; x_wconf 81' lang='lat' dir='ltr'><em>cervos</em></span> <span class='ocrx_word' id='word_1_20' title='bbox 833 648 988 736; x_wconf 85' lang='lat' dir='ltr'><em>eludite</em></span> <span class='ocrx_word' id='word_1_21' title='bbox 1001 651 1164 761; x_wconf 79' lang='lat' dir='ltr'><em>pinnis,</em></span> <span class='ocrx_word' id='word_1_22' title='bbox 1443 647 1528 758; x_wconf 73' lang='lat'><em>475</em></span> 
     </span>
     <span class='ocr_line' id='line_1_5' title="bbox 302 761 1243 874; baseline -0.004 -26"><span class='ocrx_word' id='word_1_23' title='bbox 302 761 396 848; x_wconf 84' lang='lat' dir='ltr'><em>Nec</em></span> <span class='ocrx_word' id='word_1_24' title='bbox 416 763 549 846; x_wconf 86' lang='lat' dir='ltr'><em>celate</em></span> <span class='ocrx_word' id='word_1_25' title='bbox 568 766 675 849; x_wconf 80' lang='lat' dir='ltr'><em>cibis</em></span> <span class='ocrx_word' id='word_1_26' title='bbox 693 793 824 850; x_wconf 89' lang='lat' dir='ltr'><em>uncos</em></span> <span class='ocrx_word' id='word_1_27' title='bbox 832 763 1069 874; x_wconf 80' lang='lat' dir='ltr'><em>fallacibus</em></span> <span class='ocrx_word' id='word_1_28' title='bbox 1087 763 1243 846; x_wconf 81' lang='lat' dir='ltr'><em>hamos.</em></span> 
     </span>
     <span class='ocr_line' id='line_1_6' title="bbox 303 870 1527 990; baseline -0.003 -30"><span class='ocrx_word' id='word_1_29' title='bbox 303 870 1527 990; x_wconf 68' lang='lat' dir='ltr'><em>Perditepiquauacent.-aerumltaecquoquepenlitetantum.</em></span> 
     </span>
     <span class='ocr_line' id='line_1_7' title="bbox 302 989 1455 1103; baseline -0.005 -29"><span class='ocrx_word' id='word_1_30' title='bbox 302 989 391 1074; x_wconf 88' lang='lat' dir='ltr'><em>Ora</em></span> <span class='ocrx_word' id='word_1_31' title='bbox 410 1007 565 1074; x_wconf 86' lang='lat' dir='ltr'><em>uacent</em></span> <span class='ocrx_word' id='word_1_32' title='bbox 583 991 734 1101; x_wconf 81' lang='lat' dir='ltr'><em>epulis,</em></span> <span class='ocrx_word' id='word_1_33' title='bbox 753 991 1029 1103; x_wconf 78' lang='lat' dir='ltr'><em>alimentaque</em></span> <span class='ocrx_word' id='word_1_34' title='bbox 1048 1018 1235 1101; x_wconf 81' lang='lat' dir='ltr'><em>congrua</em></span> <span class='ocrx_word' id='word_1_35' title='bbox 1255 1003 1455 1096; x_wconf 77' lang='lat' dir='ltr'><em>carpant.</em></span> 
     </span>
     <span class='ocr_line' id='line_1_8' title="bbox 303 1098 1308 1217; baseline -0.007 -30"><span class='ocrx_word' id='word_1_36' title='bbox 303 1102 477 1187; x_wconf 83' lang='lat' dir='ltr'><em>Talibus</em></span> <span class='ocrx_word' id='word_1_37' title='bbox 495 1120 619 1217; x_wconf 90' lang='lat' dir='ltr'><em>atque</em></span> <span class='ocrx_word' id='word_1_38' title='bbox 638 1105 736 1186; x_wconf 89' lang='lat' dir='ltr'><em>aliis</em></span> <span class='ocrx_word' id='word_1_39' title='bbox 758 1104 961 1188; x_wconf 88' lang='lat' dir='ltr'><em>instructo</em></span> <span class='ocrx_word' id='word_1_40' title='bbox 974 1117 1141 1212; x_wconf 85' lang='lat' dir='ltr'><em>pectore</em></span> <span class='ocrx_word' id='word_1_41' title='bbox 1159 1098 1308 1197; x_wconf 85' lang='lat' dir='ltr'><em>dictis,</em></span> 
     </span>
    </p>

    <p class='ocr_par' dir='ltr' id='par_1_4' title="bbox 301 1209 1524 1440">
     <span class='ocr_line' id='line_1_9' title="bbox 301 1209 1524 1326; baseline -0.004 -26"><span class='ocrx_word' id='word_1_42' title='bbox 301 1217 353 1300; x_wconf 93' lang='lat' dir='ltr'><em>In</em></span> <span class='ocrx_word' id='word_1_43' title='bbox 367 1218 551 1326; x_wconf 77' lang='lat' dir='ltr'><em>patriam</em></span> <span class='ocrx_word' id='word_1_44' title='bbox 569 1244 770 1301; x_wconf 83' lang='lat' dir='ltr'><em>remeasse</em></span> <span class='ocrx_word' id='word_1_45' title='bbox 780 1216 952 1325; x_wconf 88' lang='lat' dir='ltr'><em>ferunt,·</em></span> <span class='ocrx_word' id='word_1_46' title='bbox 971 1215 1157 1324; x_wconf 89' lang='lat' dir='ltr'><em>ultroque</em></span> <span class='ocrx_word' id='word_1_47' title='bbox 1171 1214 1345 1322; x_wconf 85' lang='lat' dir='ltr'><em>petitum</em></span> <span class='ocrx_word' id='word_1_48' title='bbox 1438 1209 1524 1318; x_wconf 78' lang='grc'><em>480</em></span> 
     </span>
     <span class='ocr_line' id='line_1_10' title="bbox 303 1327 1304 1440; baseline -0.002 -28"><span class='ocrx_word' id='word_1_49' title='bbox 303 1329 533 1438; x_wconf 86' lang='lat' dir='ltr'><em>Accepisse</em></span> <span class='ocrx_word' id='word_1_50' title='bbox 551 1328 732 1414; x_wconf 83' lang='lat' dir='ltr'><em>Numam</em></span> <span class='ocrx_word' id='word_1_51' title='bbox 746 1327 894 1440; x_wconf 89' lang='lat' dir='ltr'><em>pepuli</em></span> <span class='ocrx_word' id='word_1_52' title='bbox 909 1327 1093 1412; x_wconf 86' lang='lat' dir='ltr'><em>Latialis</em></span> <span class='ocrx_word' id='word_1_53' title='bbox 1111 1327 1304 1410; x_wconf 77' lang='lat' dir='ltr'><em>habenas.</em></span> 
     </span>
    </p>

    <p class='ocr_par' dir='ltr' id='par_1_5' title="bbox 304 1435 1495 1664">
     <span class='ocr_line' id='line_1_11' title="bbox 309 1435 1495 1554; baseline -0.003 -30"><span class='ocrx_word' id='word_1_54' title='bbox 309 1438 497 1554; x_wconf 76' lang='lat' dir='ltr'><em>Conjuge</em></span> <span class='ocrx_word' id='word_1_55' title='bbox 516 1443 590 1552; x_wconf 88' lang='lat' dir='ltr'><em>qui</em></span> <span class='ocrx_word' id='word_1_56' title='bbox 595 1441 714 1551; x_wconf 82' lang='lat' dir='ltr'><em>felix</em></span> <span class='ocrx_word' id='word_1_57' title='bbox 734 1441 950 1552; x_wconf 66' lang='lat' dir='ltr'><em>Nympha,</em></span> <span class='ocrx_word' id='word_1_58' title='bbox 967 1438 1223 1551; x_wconf 82' lang='lat' dir='ltr'><em>ducibusque</em></span> <span class='ocrx_word' id='word_1_59' title='bbox 1245 1435 1495 1538; x_wconf 70' lang='lat' dir='ltr'><em>camoenis,</em></span> 
     </span>
     <span class='ocr_line' id='line_1_12' title="bbox 304 1549 1255 1664; baseline -0.002 -28"><span class='ocrx_word' id='word_1_60' title='bbox 304 1553 536 1660; x_wconf 83' lang='lat' dir='ltr'><em>Sacrist&#39;cos</em></span> <span class='ocrx_word' id='word_1_61' title='bbox 557 1553 702 1638; x_wconf 84' lang='lat' dir='ltr'><em>docuit</em></span> <span class='ocrx_word' id='word_1_62' title='bbox 720 1557 845 1652; x_wconf 84' lang='lat' dir='ltr'><em>ritus,</em></span> <span class='ocrx_word' id='word_1_63' title='bbox 861 1571 1104 1664; x_wconf 75' lang='lat' dir='ltr'><em>gentemque</em></span> <span class='ocrx_word' id='word_1_64' title='bbox 1111 1549 1255 1660; x_wconf 89' lang='lat' dir='ltr'><em>feroci</em></span> 
     </span>
    </p>

    <p class='ocr_par' dir='ltr' id='par_1_6' title="bbox 305 1663 1222 1777">
     <span class='ocr_line' id='line_1_13' title="bbox 305 1663 1222 1777; baseline -0.002 -29"><span class='ocrx_word' id='word_1_65' title='bbox 305 1667 532 1748; x_wconf 83' lang='lat' dir='ltr'><em>Assnetam</em></span> <span class='ocrx_word' id='word_1_66' title='bbox 551 1667 658 1752; x_wconf 87' lang='lat' dir='ltr'><em>bello</em></span> <span class='ocrx_word' id='word_1_67' title='bbox 670 1669 795 1777; x_wconf 83' lang='lat' dir='ltr'><em>pacis</em></span> <span class='ocrx_word' id='word_1_68' title='bbox 813 1665 1005 1748; x_wconf 82' lang='lat' dir='ltr'><em>traduxit</em></span> <span class='ocrx_word' id='word_1_69' title='bbox 1024 1663 1086 1748; x_wconf 84' lang='lat' dir='ltr'><em>uel</em></span> <span class='ocrx_word' id='word_1_70' title='bbox 1101 1679 1222 1746; x_wconf 85' lang='lat' dir='ltr'><em>artes.</em></span> 
     </span>
    </p>

    <p class='ocr_par' dir='ltr' id='par_1_7' title="bbox 303 1777 1514 2116">
     <span class='ocr_line' id='line_1_14' title="bbox 310 1777 1512 1914; baseline -0.002 -56"><span class='ocrx_word' id='word_1_71' title='bbox 310 1777 442 1914; x_wconf 79' lang='lat' dir='ltr'><em>Quem</em></span> <span class='ocrx_word' id='word_1_72' title='bbox 453 1798 675 1893; x_wconf 78' lang='lat' dir='ltr'><em>postquam</em></span> <span class='ocrx_word' id='word_1_73' title='bbox 688 1782 829 1862; x_wconf 87' lang='lat' dir='ltr'><em>senior</em></span> <span class='ocrx_word' id='word_1_74' title='bbox 837 1807 1089 1890; x_wconf 79' lang='lat' dir='ltr'><em>regnumque</em></span> <span class='ocrx_word' id='word_1_75' title='bbox 1101 1803 1324 1887; x_wconf 83' lang='lat' dir='ltr'><em>aevumque</em></span> <span class='ocrx_word' id='word_1_76' title='bbox 1331 1779 1512 1889; x_wconf 76' lang='lat' dir='ltr'><em>peregit,</em></span> 
     </span>
     <span class='ocr_line' id='line_1_15' title="bbox 305 1889 1514 2004; baseline -0.001 -29"><span class='ocrx_word' id='word_1_77' title='bbox 305 1891 579 1975; x_wconf 72' lang='lat' dir='ltr'><em>Exstinctum</em></span> <span class='ocrx_word' id='word_1_78' title='bbox 593 1893 823 2004; x_wconf 89' lang='lat' dir='ltr'><em>Latiaeque</em></span> <span class='ocrx_word' id='word_1_79' title='bbox 835 1920 976 1986; x_wconf 86' lang='lat' dir='ltr'><em>nurus,</em></span> <span class='ocrx_word' id='word_1_80' title='bbox 990 1889 1261 2001; x_wconf 84' lang='lat' dir='ltr'><em>populusque,</em></span> <span class='ocrx_word' id='word_1_81' title='bbox 1278 1891 1514 2001; x_wconf 87' lang='lat' dir='ltr'><em>Patresque</em></span> 
     </span>
     <span class='ocr_line' id='line_1_16' title="bbox 303 2001 1320 2116; baseline -0.002 -30"><span class='ocrx_word' id='word_1_82' title='bbox 303 2002 350 2086; x_wconf 95' lang='lat' dir='ltr'><em>D</em></span> <span class='ocrx_word' id='word_1_83' title='bbox 357 2001 515 2116; x_wconf 76' lang='lat' dir='ltr'><em>stenem</em></span> <span class='ocrx_word' id='word_1_84' title='bbox 532 2005 725 2090; x_wconf 88' lang='lat' dir='ltr'><em>Numam.</em></span> <span class='ocrx_word' id='word_1_85' title='bbox 745 2005 857 2090; x_wconf 88' lang='lat' dir='ltr'><em>Nam</em></span> <span class='ocrx_word' id='word_1_86' title='bbox 876 2003 1038 2116; x_wconf 74' lang='lat' dir='ltr'><em>corq&#39;ux</em></span> <span class='ocrx_word' id='word_1_87' title='bbox 1057 2003 1152 2085; x_wconf 89' lang='lat' dir='ltr'><em>urbe</em></span> <span class='ocrx_word' id='word_1_88' title='bbox 1171 2001 1320 2085; x_wconf 80' lang='lat' dir='ltr'><em>retient</em></span> 
     </span>
    </p>
   </div>
   <div class='ocr_carea' id='block_1_3' title="bbox 292 3143 1523 4328">
    <p class='ocr_par' dir='ltr' id='par_1_8' title="bbox 294 3143 1523 3408">
     <span class='ocr_line' id='line_1_17' title="bbox 352 3143 1523 3223; baseline 0.007 -21"><span class='ocrx_word' id='word_1_89' title='bbox 352 3148 416 3220; x_wconf 71' lang='lat'><em>475.</em></span> <span class='ocrx_word' id='word_1_90' title='bbox 437 3143 612 3204; x_wconf 66' lang='lat' dir='ltr'><em>formidetis.</em></span> <span class='ocrx_word' id='word_1_91' title='bbox 636 3146 867 3213; x_wconf 66' lang='lat' dir='ltr'><em>turpidinibus,</em></span> <span class='ocrx_word' id='word_1_92' title='bbox 886 3147 918 3204; x_wconf 81' lang='lat' dir='ltr'><em>iel</em></span> <span class='ocrx_word' id='word_1_93' title='bbox 935 3155 993 3214; x_wconf 78' lang='lat' dir='ltr'><em>est,</em></span> <span class='ocrx_word' id='word_1_94' title='bbox 1017 3145 1120 3211; x_wconf 80' lang='lat' dir='ltr'><em>lineis.</em></span> <span class='ocrx_word' id='word_1_95' title='bbox 1138 3146 1240 3222; x_wconf 71' lang='lat' dir='ltr'><em>quibus</em></span> <span class='ocrx_word' id='word_1_96' title='bbox 1259 3147 1382 3223; x_wconf 75' lang='lat' dir='ltr'><em>plum</em></span> <span class='ocrx_word' id='word_1_97' title='bbox 1402 3155 1523 3210; x_wconf 68' lang='lat' dir='ltr'><em>tersiu-</em></span> 
     </span>
     <span class='ocr_line' id='line_1_18' title="bbox 294 3235 1522 3319; baseline 0.01 -28"><span class='ocrx_word' id='word_1_98' title='bbox 294 3235 371 3294; x_wconf 84' lang='lat' dir='ltr'><em>lares</em></span> <span class='ocrx_word' id='word_1_99' title='bbox 392 3239 569 3294; x_wconf 76' lang='lat' dir='ltr'><em>intertextae</em></span> <span class='ocrx_word' id='word_1_100' title='bbox 579 3279 588 3306; x_wconf 85' lang='lat'><em>,</em></span> <span class='ocrx_word' id='word_1_101' title='bbox 618 3237 792 3317; x_wconf 80' lang='lat' dir='ltr'><em>eaedemque</em></span> <span class='ocrx_word' id='word_1_102' title='bbox 817 3240 966 3298; x_wconf 83' lang='lat' dir='ltr'><em>ustulatae</em></span> <span class='ocrx_word' id='word_1_103' title='bbox 991 3239 1221 3316; x_wconf 76' lang='lat' dir='ltr'><em>suspenduntur,</em></span> <span class='ocrx_word' id='word_1_104' title='bbox 1239 3259 1317 3319; x_wconf 78' lang='lat' dir='ltr'><em>quae</em></span> <span class='ocrx_word' id='word_1_105' title='bbox 1338 3261 1443 3302; x_wconf 78' lang='lat' dir='ltr'><em>cervas</em></span> <span class='ocrx_word' id='word_1_106' title='bbox 1462 3249 1522 3303; x_wconf 68' lang='lat' dir='ltr'><em>eise</em></span> 
     </span>
     <span class='ocr_line' id='line_1_19' title="bbox 294 3327 1027 3408; baseline 0.004 -25"><span class='ocrx_word' id='word_1_107' title='bbox 294 3337 324 3383; x_wconf 83' lang='lat' dir='ltr'><em>et</em></span> <span class='ocrx_word' id='word_1_108' title='bbox 343 3327 433 3384; x_wconf 86' lang='lat' dir='ltr'><em>adare</em></span> <span class='ocrx_word' id='word_1_109' title='bbox 453 3331 570 3384; x_wconf 85' lang='lat' dir='ltr'><em>territas</em></span> <span class='ocrx_word' id='word_1_110' title='bbox 588 3331 618 3386; x_wconf 91' lang='lat' dir='ltr'><em>in</em></span> <span class='ocrx_word' id='word_1_111' title='bbox 639 3348 722 3386; x_wconf 81' lang='lat' dir='ltr'><em>veras</em></span> <span class='ocrx_word' id='word_1_112' title='bbox 739 3331 848 3408; x_wconf 80' lang='lat' dir='ltr'><em>plagas</em></span> <span class='ocrx_word' id='word_1_113' title='bbox 867 3329 1027 3404; x_wconf 83' lang='lat' dir='ltr'><em>impellant.</em></span> 
     </span>
    </p>

    <p class='ocr_par' dir='ltr' id='par_1_9' title="bbox 293 3421 1520 3594">
     <span class='ocr_line' id='line_1_20' title="bbox 350 3421 1520 3502; baseline 0.011 -28"><span class='ocrx_word' id='word_1_114' title='bbox 350 3421 423 3476; x_wconf 82' lang='lat' dir='ltr'><em>Feb.</em></span> <span class='ocrx_word' id='word_1_115' title='bbox 443 3422 498 3480; x_wconf 85' lang='lat' dir='ltr'><em>Vt.</em></span> <span class='ocrx_word' id='word_1_116' title='bbox 518 3424 587 3499; x_wconf 75' lang='lat' dir='ltr'><em>Arg.</em></span> <span class='ocrx_word' id='word_1_117' title='bbox 613 3423 734 3478; x_wconf 83' lang='lat' dir='ltr'><em>Talibus</em></span> <span class='ocrx_word' id='word_1_118' title='bbox 759 3433 848 3498; x_wconf 86' lang='lat' dir='ltr'><em>atque</em></span> <span class='ocrx_word' id='word_1_119' title='bbox 866 3423 952 3486; x_wconf 84' lang='lat' dir='ltr'><em>aliis.</em></span> <span class='ocrx_word' id='word_1_120' title='bbox 975 3433 1029 3478; x_wconf 87' lang='lat' dir='ltr'><em>ete.</em></span> <span class='ocrx_word' id='word_1_121' title='bbox 1055 3423 1165 3502; x_wconf 69' lang='lat' dir='ltr'><em>Egerit</em></span> <span class='ocrx_word' id='word_1_122' title='bbox 1191 3436 1254 3501; x_wconf 78' lang='lat' dir='ltr'><em>pest</em></span> <span class='ocrx_word' id='word_1_123' title='bbox 1283 3437 1410 3484; x_wconf 76' lang='lat' dir='ltr'><em>mortem</em></span> <span class='ocrx_word' id='word_1_124' title='bbox 1432 3429 1520 3487; x_wconf 74' lang='lat' dir='ltr'><em>metiti</em></span> 
     </span>
     <span class='ocr_line' id='line_1_21' title="bbox 293 3509 1064 3594; baseline 0.008 -28"><span class='ocrx_word' id='word_1_125' title='bbox 293 3509 404 3569; x_wconf 76' lang='lat' dir='ltr'><em>Numae</em></span> <span class='ocrx_word' id='word_1_126' title='bbox 421 3513 453 3568; x_wconf 88' lang='lat' dir='ltr'><em>in</em></span> <span class='ocrx_word' id='word_1_127' title='bbox 474 3514 576 3572; x_wconf 79' lang='lat' dir='ltr'><em>vellem</em></span> <span class='ocrx_word' id='word_1_128' title='bbox 597 3515 742 3574; x_wconf 71' lang='lat' dir='ltr'><em>Aricinum</em></span> <span class='ocrx_word' id='word_1_129' title='bbox 761 3535 791 3572; x_wconf 87' lang='lat' dir='ltr'><em>se</em></span> <span class='ocrx_word' id='word_1_130' title='bbox 812 3514 934 3572; x_wconf 82' lang='lat' dir='ltr'><em>contulit</em></span> <span class='ocrx_word' id='word_1_131' title='bbox 955 3514 1064 3594; x_wconf 71' lang='lat' dir='ltr'><em>lugeas.</em></span> 
     </span>
    </p>

    <p class='ocr_par' dir='ltr' id='par_1_10' title="bbox 293 3604 1522 3864">
     <span class='ocr_line' id='line_1_22' title="bbox 351 3604 1522 3684; baseline 0.008 -24"><span class='ocrx_word' id='word_1_132' title='bbox 351 3607 414 3676; x_wconf 73' lang='grc'>480.</span> <span class='ocrx_word' id='word_1_133' title='bbox 434 3604 583 3682; x_wconf 84' lang='lat' dir='ltr'><em>Ultroque.</em></span> <span class='ocrx_word' id='word_1_134' title='bbox 600 3611 644 3662; x_wconf 85' lang='lat' dir='ltr'><em>De</em></span> <span class='ocrx_word' id='word_1_135' title='bbox 663 3608 788 3680; x_wconf 78' lang='lat' dir='ltr'><em>Imperia</em></span> <span class='ocrx_word' id='word_1_136' title='bbox 805 3607 919 3664; x_wconf 80' lang='lat' dir='ltr'><em>Numae</em></span> <span class='ocrx_word' id='word_1_137' title='bbox 936 3607 1047 3674; x_wconf 80' lang='lat' dir='ltr'><em>delata,</em></span> <span class='ocrx_word' id='word_1_138' title='bbox 1066 3607 1206 3684; x_wconf 74' lang='lat' dir='ltr'><em>religione</em></span> <span class='ocrx_word' id='word_1_139' title='bbox 1224 3617 1252 3664; x_wconf 91' lang='lat' dir='ltr'><em>et</em></span> <span class='ocrx_word' id='word_1_140' title='bbox 1271 3627 1346 3682; x_wconf 81' lang='lat' dir='ltr'><em>pace</em></span> <span class='ocrx_word' id='word_1_141' title='bbox 1365 3611 1409 3668; x_wconf 82' lang='lat' dir='ltr'><em>ab</em></span> <span class='ocrx_word' id='word_1_142' title='bbox 1428 3631 1467 3668; x_wconf 82' lang='lat' dir='ltr'><em>eo</em></span> <span class='ocrx_word' id='word_1_143' title='bbox 1485 3617 1522 3668; x_wconf 77' lang='lat' dir='ltr'><em>in·</em></span> 
     </span>
     <span class='ocr_line' id='line_1_23' title="bbox 293 3694 1521 3778; baseline 0.012 -32"><span class='ocrx_word' id='word_1_144' title='bbox 293 3694 417 3758; x_wconf 86' lang='lat' dir='ltr'><em>stitutis,</em></span> <span class='ocrx_word' id='word_1_145' title='bbox 449 3698 565 3770; x_wconf 73' lang='lat' dir='ltr'><em>Egeria</em></span> <span class='ocrx_word' id='word_1_146' title='bbox 598 3695 724 3772; x_wconf 71' lang='lat' dir='ltr'><em>rqmplsa</em></span> <span class='ocrx_word' id='word_1_147' title='bbox 755 3708 810 3754; x_wconf 88' lang='lat' dir='ltr'><em>etc.</em></span> <span class='ocrx_word' id='word_1_148' title='bbox 841 3697 1007 3756; x_wconf 84' lang='lat' dir='ltr'><em>consulendi</em></span> <span class='ocrx_word' id='word_1_149' title='bbox 1038 3699 1183 3768; x_wconf 81' lang='lat' dir='ltr'><em>ltistarici,</em></span> <span class='ocrx_word' id='word_1_150' title='bbox 1204 3698 1319 3766; x_wconf 79' lang='lat' dir='ltr'><em>Livius,</em></span> <span class='ocrx_word' id='word_1_151' title='bbox 1346 3701 1521 3778; x_wconf 71' lang='lat' dir='ltr'><em>Dionysias,</em></span> 
     </span>
     <span class='ocr_line' id='line_1_24' title="bbox 294 3785 882 3864; baseline 0.009 -24"><span class='ocrx_word' id='word_1_152' title='bbox 294 3785 484 3854; x_wconf 70' lang='lat' dir='ltr'><em>Plutarchus,</em></span> <span class='ocrx_word' id='word_1_153' title='bbox 503 3789 571 3858; x_wconf 80' lang='lat' dir='ltr'><em>alii,</em></span> <span class='ocrx_word' id='word_1_154' title='bbox 591 3789 700 3864; x_wconf 74' lang='lat' dir='ltr'><em>Virgil.</em></span> <span class='ocrx_word' id='word_1_155' title='bbox 723 3793 750 3846; x_wconf 83' lang='grc'><em>6.</em></span> <span class='ocrx_word' id='word_1_156' title='bbox 770 3790 882 3846; x_wconf 79' lang='lat' dir='ltr'><em>AEneid.</em></span> 
     </span>
    </p>

    <p class='ocr_par' dir='ltr' id='par_1_11' title="bbox 292 3881 1523 4328">
     <span class='ocr_line' id='line_1_25' title="bbox 352 3881 1523 3960; baseline 0.008 -25"><span class='ocrx_word' id='word_1_157' title='bbox 352 3883 417 3950; x_wconf 68' lang='lat' dir='ltr'><em>ltu.</em></span> <span class='ocrx_word' id='word_1_158' title='bbox 436 3881 563 3958; x_wconf 74' lang='lat' dir='ltr'><em>conjuge</em></span> <span class='ocrx_word' id='word_1_159' title='bbox 583 3881 633 3958; x_wconf 86' lang='lat' dir='ltr'><em>qui</em></span> <span class='ocrx_word' id='word_1_160' title='bbox 653 3881 722 3938; x_wconf 77' lang='lat' dir='ltr'><em>felix</em></span> <span class='ocrx_word' id='word_1_161' title='bbox 743 3881 878 3960; x_wconf 74' lang='lat' dir='ltr'><em>nymphe.</em></span> <span class='ocrx_word' id='word_1_162' title='bbox 896 3885 1015 3960; x_wconf 74' lang='lat' dir='ltr'><em>AEgeria</em></span> <span class='ocrx_word' id='word_1_163' title='bbox 1028 3883 1154 3958; x_wconf 77' lang='lat' dir='ltr'><em>nympba</em></span> <span class='ocrx_word' id='word_1_164' title='bbox 1173 3883 1286 3940; x_wconf 86' lang='lat' dir='ltr'><em>Numae</em></span> <span class='ocrx_word' id='word_1_165' title='bbox 1308 3885 1452 3960; x_wconf 81' lang='lat' dir='ltr'><em>Pompilii</em></span> <span class='ocrx_word' id='word_1_166' title='bbox 1459 3887 1523 3960; x_wconf 82' lang='lat' dir='ltr'><em>suit</em></span> 
     </span>
     <span class='ocr_line' id='line_1_26' title="bbox 295 3973 1522 4048; baseline 0.007 -23"><span class='ocrx_word' id='word_1_167' title='bbox 295 3989 395 4036; x_wconf 76' lang='lat' dir='ltr'><em>usar,</em></span> <span class='ocrx_word' id='word_1_168' title='bbox 416 3991 492 4048; x_wconf 82' lang='lat' dir='ltr'><em>quae</em></span> <span class='ocrx_word' id='word_1_169' title='bbox 510 3983 575 4046; x_wconf 81' lang='lat' dir='ltr'><em>post</em></span> <span class='ocrx_word' id='word_1_170' title='bbox 595 3975 652 4030; x_wconf 87' lang='lat' dir='ltr'><em>uiri</em></span> <span class='ocrx_word' id='word_1_171' title='bbox 671 3975 817 4030; x_wconf 80' lang='lat' dir='ltr'><em>interitum</em></span> <span class='ocrx_word' id='word_1_172' title='bbox 847 3973 915 4030; x_wconf 86' lang='lat' dir='ltr'><em>urbe</em></span> <span class='ocrx_word' id='word_1_173' title='bbox 940 3973 1042 4032; x_wconf 82' lang='lat' dir='ltr'><em>relicta</em></span> <span class='ocrx_word' id='word_1_174' title='bbox 1068 3977 1097 4029; x_wconf 92' lang='lat' dir='ltr'><em>in</em></span> <span class='ocrx_word' id='word_1_175' title='bbox 1118 3974 1216 4036; x_wconf 74' lang='lat' dir='ltr'><em>trinas</em></span> <span class='ocrx_word' id='word_1_176' title='bbox 1233 3973 1326 4041; x_wconf 83' lang='lat' dir='ltr'><em>abiit,</em></span> <span class='ocrx_word' id='word_1_177' title='bbox 1347 3995 1386 4031; x_wconf 82' lang='lat' dir='ltr'><em>ae</em></span> <span class='ocrx_word' id='word_1_178' title='bbox 1406 3979 1522 4034; x_wconf 68' lang='lat' dir='ltr'><em>tende·</em></span> 
     </span>
     <span class='ocr_line' id='line_1_27' title="bbox 294 4066 1521 4146; baseline 0.009 -28"><span class='ocrx_word' id='word_1_179' title='bbox 294 4067 477 4120; x_wconf 85' lang='lat' dir='ltr'><em>miseratione</em></span> <span class='ocrx_word' id='word_1_180' title='bbox 496 4069 623 4122; x_wconf 83' lang='lat' dir='ltr'><em>Deorum</em></span> <span class='ocrx_word' id='word_1_181' title='bbox 650 4069 679 4124; x_wconf 85' lang='lat' dir='ltr'><em>in</em></span> <span class='ocrx_word' id='word_1_182' title='bbox 696 4067 814 4141; x_wconf 68' lang='lat' dir='ltr'><em>sanum</em></span> <span class='ocrx_word' id='word_1_183' title='bbox 831 4066 961 4144; x_wconf 68' lang='lat' dir='ltr'><em>fingitur</em></span> <span class='ocrx_word' id='word_1_184' title='bbox 978 4085 1125 4124; x_wconf 76' lang='lat' dir='ltr'><em>conversa.</em></span> <span class='ocrx_word' id='word_1_185' title='bbox 1152 4069 1338 4146; x_wconf 77' lang='lat' dir='ltr'><em>Ducibusqae</em></span> <span class='ocrx_word' id='word_1_186' title='bbox 1360 4071 1521 4131; x_wconf 64' lang='lat' dir='ltr'><em>&amp;moenis</em></span> 
     </span>
     <span class='ocr_line' id='line_1_28' title="bbox 292 4159 1518 4242; baseline 0.008 -28"><span class='ocrx_word' id='word_1_187' title='bbox 292 4159 447 4215; x_wconf 83' lang='lat' dir='ltr'><em>Autaribus</em></span> <span class='ocrx_word' id='word_1_188' title='bbox 467 4160 659 4217; x_wconf 64' lang='lat' dir='ltr'><em>Munatium</em></span> <span class='ocrx_word' id='word_1_189' title='bbox 683 4163 779 4216; x_wconf 87' lang='lat' dir='ltr'><em>emnia</em></span> <span class='ocrx_word' id='word_1_190' title='bbox 805 4179 999 4240; x_wconf 73' lang='lat' dir='ltr'><em>quaecumque</em></span> <span class='ocrx_word' id='word_1_191' title='bbox 1023 4161 1121 4220; x_wconf 82' lang='lat' dir='ltr'><em>Numa</em></span> <span class='ocrx_word' id='word_1_192' title='bbox 1151 4163 1301 4222; x_wconf 72' lang='lat' dir='ltr'><em>statuebat</em></span> <span class='ocrx_word' id='word_1_193' title='bbox 1320 4163 1362 4220; x_wconf 79' lang='lat' dir='ltr'><em>ad</em></span> <span class='ocrx_word' id='word_1_194' title='bbox 1381 4167 1518 4242; x_wconf 59' lang='lat' dir='ltr'><em>Egeriae</em></span> 
     </span>
     <span class='ocr_line' id='line_1_29' title="bbox 294 4250 1111 4328; baseline 0.011 -24"><span class='ocrx_word' id='word_1_195' title='bbox 294 4250 458 4326; x_wconf 69' lang='lat' dir='ltr'><em>nymphae,</em></span> <span class='ocrx_word' id='word_1_196' title='bbox 482 4254 690 4309; x_wconf 82' lang='lat' dir='ltr'><em>Camaenarum</em></span> <span class='ocrx_word' id='word_1_197' title='bbox 712 4255 900 4310; x_wconf 79' lang='lat' dir='ltr'><em>autoritatem</em></span> <span class='ocrx_word' id='word_1_198' title='bbox 926 4252 1084 4328; x_wconf 78' lang='lat' dir='ltr'><em>referebat.</em></span> <span class='ocrx_word' id='word_1_199' title='bbox 1108 4269 1111 4276; x_wconf 92' lang='lat'>&#39;</span> 
     </span>
    </p>
   </div>
   <div class='ocr_carea' id='block_1_4' title="bbox 293 4341 1513 4492">
    <p class='ocr_par' dir='ltr' id='par_1_12' title="bbox 293 4341 1513 4492">
     <span class='ocr_line' id='line_1_30' title="bbox 350 4341 1513 4424; baseline 0.008 -26"><span class='ocrx_word' id='word_1_200' title='bbox 350 4345 414 4414; x_wconf 66' lang='grc'><em>484.</em></span> <span class='ocrx_word' id='word_1_201' title='bbox 436 4341 481 4400; x_wconf 77' lang='lat' dir='ltr'><em>Aa</em></span> <span class='ocrx_word' id='word_1_202' title='bbox 502 4353 585 4400; x_wconf 76' lang='lat' dir='ltr'><em>artes.</em></span> <span class='ocrx_word' id='word_1_203' title='bbox 609 4341 656 4400; x_wconf 76' lang='lat' dir='ltr'><em>Act</em></span> <span class='ocrx_word' id='word_1_204' title='bbox 675 4347 801 4403; x_wconf 82' lang='lat' dir='ltr'><em>Deorum</em></span> <span class='ocrx_word' id='word_1_205' title='bbox 822 4345 1002 4422; x_wconf 73' lang='lat' dir='ltr'><em>religionem,</em></span> <span class='ocrx_word' id='word_1_206' title='bbox 1028 4356 1056 4403; x_wconf 83' lang='lat' dir='ltr'><em>et</em></span> <span class='ocrx_word' id='word_1_207' title='bbox 1071 4347 1144 4424; x_wconf 77' lang='lat' dir='ltr'><em>jura</em></span> <span class='ocrx_word' id='word_1_208' title='bbox 1162 4357 1190 4402; x_wconf 83' lang='lat' dir='ltr'><em>et</em></span> <span class='ocrx_word' id='word_1_209' title='bbox 1207 4346 1289 4423; x_wconf 72' lang='lat' dir='ltr'><em>leges</em></span> <span class='ocrx_word' id='word_1_210' title='bbox 1308 4357 1336 4405; x_wconf 84' lang='lat' dir='ltr'><em>et</em></span> <span class='ocrx_word' id='word_1_211' title='bbox 1356 4367 1456 4407; x_wconf 83' lang='lat' dir='ltr'><em>mores</em></span> <span class='ocrx_word' id='word_1_212' title='bbox 1474 4367 1513 4406; x_wconf 74' lang='lat' dir='ltr'><em>eu</em></span> 
     </span>
     <span class='ocr_line' id='line_1_31' title="bbox 293 4435 401 4492; baseline 0.028 -3"><span class='ocrx_word' id='word_1_213' title='bbox 293 4435 401 4492; x_wconf 82' lang='lat' dir='ltr'><em>lendes.</em></span> 
     </span>
    </p>
   </div>
   <div class='ocr_carea' id='block_1_5' title="bbox 0 0 1627 5240">
    <p class='ocr_par' dir='ltr' id='par_1_13' title="bbox 0 0 1627 5240">
     <span class='ocr_line' id='line_1_32' title="bbox 0 0 1627 5240; baseline 0 0"><span class='ocrx_word' id='word_1_214' title='bbox 0 0 1627 5240; x_wconf 95' lang='lat' dir='ltr'><em> </em></span> 
     </span>
    </p>
   </div>
  </div>
 </body>
</html>
