3266 5250
402 329 477 417 ¹36
580 469 635 574 P.
676 463 897 582 OVIDII
937 457 1240 572 NASONIS

437 673 1388 828 METAMORPHOSEON
1451 755 1454 760 ·

557 921 718 1008 uruuu
747 919 1259 1027 uncuuusQururus

759 1110 788 1181 S
796 1113 876 1180 t'tt
883 1111 913 1180 0
925 1113 956 1180 P
966 1110 1026 1182 SI
1034 1109 1073 1180 S.

311 1225 565 1432 Myscelus
592 1313 755 1397 calculis
775 1311 895 1421 nigris
915 1312 956 1394 iu
975 1309 1089 1395 eibos
1108 1310 1272 1394 mutatis
1298 1305 1522 1396 absolutus.

365 1435 606 1545 Pythagoras
626 1428 666 1508 in
692 1425 803 1510 ltalia
827 1422 955 1506 docet.
977 1424 1076 1536 Ejus
1104 1423 1247 1534 piacita
1275 1424 1518 1535 praecipua,
1612 1415 1613 1440 ¹

366 1573 407 1630 et
434 1543 661 1657 praesertim
682 1536 732 1620 de
759 1561 949 1650 perpetua
979 1565 1112 1620 rerum
1140 1536 1310 1620 aliarum
1343 1536 1387 1616 in
1421 1537 1520 1621 alias

368 1653 719 1766 transfiguratione.
739 1649 866 1732 Roma
886 1651 1058 1758 ingense
1079 1648 1245 1732 minime
1259 1646 1371 1730 urbe.
1392 1649 1518 1758 AEge-

370 1772 427 1852 ria
455 1771 497 1850 iu
530 1767 681 1851 sontem
713 1786 927 1868 conversa3
946 1761 1190 1872 Hippolytus
1220 1763 1261 1841 iu
1295 1758 1518 1870 Virbium3

369 1885 480 1967 hasta
493 1876 658 1962 Romuli
672 1878 712 1958 in
732 1873 933 1983 arborem3
950 1871 1202 1986 AEscuiepius
1217 1871 1257 1953 iu
1272 1871 1518 1979 Draconem3

368 1995 517 2082 Anima
545 1989 719 2076 Caesaris
739 1991 780 2072 iu
799 1985 920 2070 sidus
943 1985 1111 2098 Augusti
1139 1983 1298 2088 laudes,
1318 2007 1357 2074 et
1375 2015 1452 2106 pro
1470 2013 1521 2070 eo

372 2133 476 2192 vota.

326 2263 770 2480 Quaen’turinterea,
790 2344 864 2453 qui
879 2358 1019 2426 tantae
1033 2339 1220 2450 ponderet
1239 2341 1363 2426 molis

317 2458 554 2552 Sustineat,
572 2471 766 2566 tantoque
787 2471 910 2566 queat
928 2453 1148 2538 succedere
1165 2455 1266 2583 regi.

317 2571 515 2653 Destinet
534 2568 704 2676 imperio
722 2568 881 2650 clarum
893 2567 1147 2676 praenuntio
1166 2595 1249 2653 vers

316 2681 453 2770 Fama
472 2681 664 2764 Numam.
680 2677 779 2764 Non
806 2677 876 2760 ille
894 2681 1000 2761 satis
1018 2706 1221 2790 cognosse
1240 2675 1423 2766 Sabinae

320 2793 469 2879 Gentis
486 2793 605 2873 babet
623 2793 752 2872 ritus:
772 2793 913 2872 auimo
933 2793 1091 2903 majora
1111 2792 1267 2899 capaci

322 2905 531 3014 Concipit,
551 2919 589 2994 et
609 2904 787 3014 quaesit
806 2933 939 2984 rerum
958 2919 1109 2986 natrrra
1128 2903 1311 3010 requirit.

369 3076 442 3133 Feb.
461 3078 486 3131 I.
507 3080 573 3152 Arg.
596 3075 753 3148 Quaeritur
778 3076 911 3142 interea,
931 3083 985 3131 ete.
1004 3071 1141 3150 Minyius,
1163 3071 1211 3134 rel
1231 3071 1325 3150 potius
1343 3074 1528 3134 scribendum

312 3169 492 3246 Myscettus,
522 3166 670 3225 Almonis
701 3163 775 3224 filiun
806 3177 969 3242 procreatus
994 3164 1094 3246 Argis,
1127 3183 1192 3222 curu
1225 3163 1315 3240 quieti
1334 3184 1364 3224 se
1384 3166 1528 3236 dedisset,
1612 3199 1613 3202 η

311 3256 450 3316 Hercules
475 3256 553 3315 visus
572 3267 631 3324 est,
654 3253 704 3332 qui
724 3275 789 3312 euru
816 3268 966 3322 moueret,
986 3267 1018 3312 ut
1046 3254 1164 3333 petrium
1185 3252 1360 3331 relinqueret
1379 3268 1410 3313 et
1431 3276 1529 3316 secnn·
1612 3269 1613 3324 t

310 3349 378 3404 dum
404 3347 529 3402 AEssrem
549 3364 661 3402 amnem
687 3344 854 3401 consideret.
875 3343 932 3416 Qui
952 3363 1017 3402 curu
1036 3344 1129 3402 iecere
1160 3344 1378 3413 extimesceret,
1398 3346 1468 3422 quin
1486 3345 1531 3402 lex
1612 3385 1613 3392 κ

311 3450 420 3496 teteret
439 3437 567 3494 deserere
589 3435 724 3515 pntn'sm,
744 3449 772 3494 et
782 3435 811 3494 in
832 3434 916 3492 niinrn
935 3437 1082 3494 ciuitetern
1103 3435 1234 3503 transire,
1254 3457 1349 3494 rursus
1368 3437 1530 3494 admonitus
1612 3505 1613 3510 Ἰ

313 3541 366 3586 est.
396 3531 526 3586 Metuens
546 3527 662 3602 itaque,
682 3538 800 3604 penstes
822 3545 889 3582 suns
907 3525 1060 3596 destituit,
1079 3526 1201 3602 ideoque
1228 3526 1258 3582 in
1278 3525 1417 3601 judicium
1437 3525 1528 3606 publi·

312 3641 378 3679 cum
398 3633 442 3678 est
461 3621 632 3688 devocatus,
651 3631 764 3676 etcum
786 3630 894 3694 purtem
914 3639 964 3696 pro
984 3637 1034 3684 se,
1053 3618 1191 3697 et'popnii
1212 3631 1322 3695 portent
1341 3618 1482 3680 adversus
1499 3637 1528 3676 se
1612 3623 1613 3668 i

314 3709 453 3778 baberet,
473 3710 638 3784 judicaturis
663 3707 765 3766 caicuii
784 3707 843 3762 eibi
861 3728 895 3764 nc
915 3707 987 3785 nigri
1013 3707 1072 3764 deti
1096 3720 1181 3776 sunt,
1207 3721 1239 3764 ut
1263 3709 1316 3766 etri
1345 3709 1531 3779 dsmnsrent,
1612 3757 1613 3784 3

314 3803 426 3862 csndidi
446 3802 635 3860 absolverent.
659 3799 796 3875 Murius,
817 3799 855 3857 ite
877 3801 1031 3879 pertimens
1051 3799 1211 3878 periculum
1235 3803 1357 3880 cepitis,
1376 3802 1531 3862 Herculem
1612 3805 1613 3850 1

311 3895 471 3962 inuocauit,
494 3891 689 3952 utinborsnti
719 3891 788 3961 sibi,
806 3895 875 3967 quis
893 3896 955 3970 ejus
974 3895 1058 3969 jussis
1090 3893 1326 3972 obtemperasset,
1344 3895 1433 3953 ferret
1453 3895 1530 3952 suxi·
1612 3887 1613 3916 ³

314 3986 401 4056 lium,
420 3991 503 4064 cujus
522 4006 620 4065 preces
635 4005 693 4042 non
712 3987 852 4044 incessum
873 3986 1012 4044 sbieruut.
1034 3987 1108 4044 Nem
1129 3987 1308 4046 cumosicuii
1329 4007 1406 4044 more
1428 3987 1530 4064 patrue
1612 3997 1613 4060 }

313 4081 341 4138 iu
364 4100 435 4137 urus
454 4081 535 4137 effusi
555 4079 671 4136 deducti
692 4091 809 4146 essent,
829 4097 925 4135 omnes
944 4093 1138 4158 apparuerunt
1158 4081 1187 4138 in
1200 4079 1327 4140 colorem
1346 4079 1445 4138 eibum
1465 4099 1529 4138 con·
1612 4079 1613 4084 '

311 4173 391 4232 versi.
420 4173 611 4246 Quamobrem
631 4172 677 4229 ilie
698 4185 775 4229 metu
793 4170 929 4229 liberatus
950 4193 1000 4249 per
1017 4169 1137 4231 Jnniuut
1164 4174 1280 4252 pelagus
1299 4173 1438 4252 navigent
1465 4193 1529 4230 curn
1612 4179 1613 4228 i

310 4267 340 4325 in
357 4265 467 4322 ltuiinm
488 4267 631 4332 venisset.
651 4278 679 4323 et
700 4267 822 4324 AEsarem
842 4285 953 4322 amnem
972 4266 1126 4343 attigisset.
1145 4267 1220 4325 sieut
1248 4279 1433 4346 praeceptum
1454 4277 1527 4328 eret,

311 4357 414 4416 urbem
438 4359 585 4416 constituit
597 4397 606 4424 ‚
632 4377 749 4432 ermque
770 4378 785 4413 n
805 4357 934 4435 proximo
958 4357 1071 4418 tumulo
1098 4357 1146 4418 cui
1166 4359 1283 4427 Taras,
1303 4356 1432 4437 Neptuni
1457 4355 1529 4415 fitius

312 4450 458 4530 subjectus
477 4464 552 4521 eret,
575 4453 732 4509 Tarentum
752 4448 916 4512 nominarit.
