3316 5246
409 275 498 366 252
759 297 1127 360 movmusssoms

334 423 515 514 Graecia
534 437 621 504 tum
633 419 770 534 potuit
791 417 960 502 Priamo
978 413 1303 534 quoqucstendu
1314 415 1466 500 uideri.

329 539 410 625 Me
428 554 565 618 tomen
583 533 804 644 armiferae
821 545 1025 614 servotum
1044 559 1148 617 cura
1167 531 1396 618 Mineruae
1460 527 1549 644 475

331 649 553 738 Fluctibus
571 648 741 758 eripuit.-
752 644 907 756 patriis
924 641 1004 726 scd
1017 671 1160 725 rursus
1178 646 1231 727 ab
1251 645 1386 757 Argis

330 763 489 848 Pallor:
511 777 550 842 et
568 761 741 870 antiquo
759 785 955 839 memores
966 753 1020 838 de
1033 757 1196 838 vulnere
1208 785 1368 866 poenos

330 873 494 986 Exigit
511 871 626 954 almo
650 871 809 959 Venus:
830 885 1048 980 tantosque
1062 897 1141 979 per
1155 869 1245 952 olto
1266 869 1428 952 labores

331 989 520 1100 AEquoro
537 985 737 1085 sustinui,
765 1001 903 1067 tantos
922 983 1181 1064 terrestribus
1198 987 1346 1080 urmis;

331 1100 390 1184 Ut
408 1097 513 1183 mibi
517 1098 671 1206 felices
689 1097 774 1180 sint
792 1098 860 1179 itti
874 1123 998 1203 saepe
1018 1097 1192 1194 vocati,
1463 1095 1551 1204 480

333 1210 451 1322 Quos
468 1211 697 1294 communis
714 1211 882 1317 hyems,
910 1208 1234 1322 importuuisque
1256 1207 1497 1320 Capborcus

217 1379 221 1386 ·
329 1325 485 1411 Mersit
501 1325 649 1434 cquis,
668 1322 887 1434 vellemque
904 1321 1048 1404 borum
1061 1349 1166 1429 pars
1183 1349 1269 1403 una
1277 1323 1474 1428 fuissem.

334 1437 492 1525 Ultima
504 1435 593 1546 jam
607 1436 731 1545 passi
745 1435 916 1519 comites
934 1433 1120 1544 belloque
1123 1430 1341 1546 fretoque,

330 1548 576 1654 Deficium,
597 1547 802 1660 finemque
820 1563 971 1662 rogant
988 1547 1149 1629 erroris.
1174 1547 1233 1630 At
1252 1547 1428 1659 Agmou

331 1665 377 1754 F
372 1660 538 1749 uvidus
556 1662 751 1776 iugenio,
770 1678 857 1745 tum
875 1687 968 1748 vcro
986 1675 1026 1742 et
1044 1655 1244 1744 cladibus
1261 1687 1400 1768 asper,
1462 1656 1553 1768 485

382 3869 446 3941 477.
466 3868 592 3946 Antiquo
611 3869 646 3926 de
661 3866 783 3927 vulnere.
806 3865 881 3927 Num
900 3873 929 3926 in
943 3871 1017 3927 bello
1042 3869 1171 3948 Trojano
1194 3873 1345 3930 Diomedes
1369 3889 1433 3929 ceam
1459 3869 1553 3930 ΕΜ

328 3978 516 4036 congressus,
536 3981 600 4018 cum
619 3963 672 4018 sibi
692 3983 754 4019 eum
777 3963 891 4019 auxilio
913 3965 1122 4040 Veneriscra'pi
1142 3965 1274 4031 videret,
1296 3969 1325 4020 in
1347 3970 1442 4040 ipsam
1466 3971 1559 4023 Deam

326 4054 452 4128 sagittas
471 4054 603 4128 conjecit.
633 4059 731 4126 Quare
755 4059 818 4112 Dea
838 4061 918 4110 trata
938 4077 957 4111 a
979 4059 1121 4115 Diomede
1150 4063 1251 4114 rasoris
1271 4061 1399 4115 animum
1421 4064 1463 4117 sic
1485 4063 1555 4116 aba·

326 4145 464 4216 manvu,
485 4157 516 4202 ut
536 4147 619 4203 illum
636 4149 674 4204 ab
693 4149 808 4205 excidio
830 4145 961 4224 Trojano
980 4171 1127 4209 reversum
1146 4155 1279 4228 accipere
1301 4155 1442 4210 nutrierit.

382 4241 449 4309 484.
468 4235 620 4294 Deficiunt.
638 4241 690 4295 Me
708 4239 907 4316 deretinquere
925 4242 1039 4299 volout.
1060 4245 1097 4300 At
1118 4246 1230 4320 Agmon
1251 4244 1398 4305 Fortibus.
1443 4248 1555 4321 Agmon

325 4345 389 4382 cum
412 4324 550 4389 Venerem
570 4339 780 4398 contemneret,
799 4334 829 4387 in
848 4349 928 4390 avem
949 4350 1044 4410 cygno
1070 4337 1189 4394 similem
1210 4355 1269 4396 uua
1290 4355 1353 4392 cum
1374 4337 1548 4411 quibusdam

327 4437 344 4474 c
364 4421 453 4478 sociis
463 4417 529 4494 suit
548 4431 750 4479 commutatos.
