3252 5256
335 287 392 387 44
678 300 714 359 e.
734 269 1048 360 omounssoms

252 422 316 510 Et
325 424 419 538 jam
434 420 670 532 praemissa‘
683 435 872 530 poteram
890 445 985 500 cum
1004 409 1130 496 laude
1149 413 1313 494 reuerti.

254 535 390 620 Haud
405 551 625 619 contentus
643 539 698 617 ea‘
715 597 725 633 ,
740 532 847 640 petii
864 530 1041 612 tentoria
1060 526 1188 608 Rlzesi
1196 569 1203 608 ι

255 651 387 763 Inque
404 650 492 732 suis
510 649 647 758 ipsum
671 647 824 728 castris
843 645 1094 752 comitesque
1107 638 1275 747 peremi.
1389 632 1476 720 250

255 763 399 874 Atque
417 764 479 843 ita
498 760 671 870 captiuo
690 761 822 843 uictor
837 758 1020 867 rotisque
1034 754 1194 864 potitus

253 873 478 989 Ingrediar
493 903 618 957 curru
639 872 770 954 laetos
788 871 976 952 imitante
996 865 1234 976 triumphos.

258 987 387 1101 Cujus
405 1015 531 1098 equos
549 987 725 1096 pretinm
741 1012 817 1093 pro
837 999 957 1066 nocte
970 993 1218 1090 poposcerat
1236 976 1387 1076 hostis,

253 1103 391 1183 Arma
408 1117 558 1214 negate
575 1097 917 1208 ministravitque
934 1095 999 1177 iis
1016 1090 1191 1205 dignior
1206 1089 1344 1201 Ajax.

259 1210 379 1326 Quid
394 1213 527 1316 Lycii
540 1213 714 1322 referam
733 1207 990 1318 Sarpedonis
1010 1207 1185 1320 agmina
1193 1207 1312 1315 ferro
1390 1197 1474 1285 255

255 1327 490 1410 Derastata
507 1325 629 1407 meo?
646 1353 742 1408 cum
760 1324 888 1406 mzelto
907 1323 1119 1436 sanguine
1128 1315 1237 1428 fudi

259 1437 488 1534 Coeranon,
508 1434 808 1549 lpltitidenque,
827 1435 1128 1545 Alastoraque,
1146 1427 1474 1540 Chromiumque,

255 1550 626 1663 Alcandrumque,
657 1549 934 1661 Haliumque,
964 1547 1281 1659 Noemonaque,
1309 1541 1476 1654 Pryta-

343 1693 417 1748 nen
448 1695 521 1765 ue,

256 1694 493 1892 Exitioiae
510 1775 613 1860 dedi
629 1803 723 1860 cum
746 1773 1086 1860 Chersidamante
1107 1770 1149 1855 T
1144 1772 1306 1872 loona,

309 3497 371 3552 252.
390 3492 536 3571 ingredior
562 3511 646 3548 canu
669 3489 757 3549 laetas
782 3491 912 3549 imitante
938 3491 1110 3570 triumphos.
1133 3497 1255 3550 Currum
1285 3493 1437 3570 intellegit
1457 3500 1486 3550 et

249 3604 337 3663 eques
349 3585 442 3652 otest,
454 3603 524 3661 ques
537 3585 678 3640 Homerus
680 3583 775 3659 fingit
789 3603 807 3637 a
828 3581 950 3640 Nestore
964 3603 1028 3641 cum
1041 3602 1152 3642 summa
1166 3584 1362 3642 admiratione
1373 3601 1477 3658 excep·

250 3687 305 3736 tos.
316 3679 412 3736 Olriter
422 3688 520 3734 autern
533 3676 574 3732 ad
587 3677 774 3752 triumphales
787 3693 874 3750 equos
895 3685 923 3732 et
943 3697 1068 3745 currum,
1088 3679 1191 3753 quibus
1210 3680 1333 3734 Romani
1352 3681 1481 3735 uictores

250 3771 312 3827 velri
333 3769 473 3836 solebant,
486 3767 604 3823 alludit.

310 3865 375 3920 253·
398 3861 488 3937 Cujus
502 3879 589 3936 equos
603 3858 738 3937 pretium.
749 3861 801 3914 tta
822 3865 920 3916 autern
932 3859 1017 3918 ordo:
1039 3863 1129 3916 Arma
1141 3859 1209 3915 milri
1220 3860 1284 3936 ejus
1304 3862 1357 3916 viri
1370 3869 1490 3936 negate,

248 3956 333 4030 cujus
346 3973 434 4030 equos
460 3952 548 4010 hostis
573 3954 669 4011 Dolon
682 3970 739 4028 pro
757 3960 902 4008 nocturna
926 3953 1125 4026 speculatione
1138 3963 1320 4028 poposcerat.
1342 3955 1398 4009 Illa
1411 3973 1485 4011 uero

247 4050 341 4104 ironia
366 4047 483 4122 Ulysses
502 4065 588 4103 arma
607 4046 726 4103 Acleillis
746 4053 775 4101 et
796 4045 883 4123 Ajaai
905 4049 1042 4125 neganda
1061 4055 1090 4105 et
1103 4047 1157 4106 sibi
1180 4047 1286 4124 adjudi
1305 4046 1401 4105 canda
1424 4067 1488 4106 esse

250 4139 386 4198 ostendit.
1079 4181 1082 4188 .

308 4233 373 4286 255.
392 4227 468 4303 Quid
479 4227 560 4306 Lycii
576 4227 695 4285 referam
708 4227 889 4306 Sarpedonis.
910 4231 1063 4307 Sarpedon
1071 4231 1153 4308 filius
1171 4233 1232 4302 suit
1251 4233 1333 4289 lovis
1344 4251 1382 4289 ea
1396 4237 1489 4292 Euro·

248 4341 299 4398 pa,
311 4338 348 4375 ae
362 4323 471 4376 Minois
473 4319 587 4396 frater.
607 4323 661 4376 Hic
680 4337 744 4376 curn
757 4339 810 4376 rea
822 4329 897 4376 esset
917 4325 1038 4398 Lyciae,
1053 4323 1245 4399 Troianisque
1254 4319 1390 4396 sacer-et,
1414 4325 1486 4380 rnul-

252 4417 288 4472 tt's
309 4413 422 4490 exejus
434 4414 518 4472 sociis
530 4411 568 4470 ab
592 4413 695 4489 Ulysse
715 4417 808 4470 caesis
828 4435 846 4470 a
867 4415 1008 4472 Patrocle
1021 4417 1138 4475 tandem
1146 4415 1212 4493 suit
1224 4413 1403 4488 intersectas.
