3266 5250
415 307 497 395 352
752 334 785 393 e.
805 333 932 392 0ku
959 331 1123 396 nusum

331 447 425 536 Nec
441 477 520 532 sua
538 445 765 531 credulitas
777 450 936 559 piscem
955 445 1225 558 suspenderat
1242 445 1378 528 tamo.

333 561 495 648 Cuncta
512 562 602 646 sine
619 558 814 662 insidiis,
833 561 1071 674 attilamque
1089 559 1276 644 timentia
1283 553 1515 665 fraudem,

333 675 544 788 Plenaque
557 675 681 784 pacis
698 690 826 758 erant.
851 677 1079 788 Postquam
1097 701 1182 756 non
1200 671 1318 757 utilis
1341 684 1497 755 auctor

336 787 528 875 Victibus
545 785 719 881 inridit,
737 785 958 900 (quisquis
973 789 1064 897 fuit
1082 787 1154 871 iile
1172 781 1379 894 virorum)

334 899 637 1010 Corporeasque
654 897 784 1010 dapes
802 899 968 984 avidam
985 897 1177 984 demersit
1194 899 1240 980 in
1257 896 1418 996 atrum,
1455 895 1536 982 105

331 1013 453 1098 Fecit
470 1015 550 1117 iter
565 1011 714 1098 sceleri
727 1049 736 1089 ι
749 1014 971 1124 primique
988 1015 1011 1100 ὲ
1029 1011 1158 1097 caede
1166 1014 1357 1121 ferarum

332 1124 564 1210 incaluisse
577 1141 718 1236 putem
735 1125 988 1209 maculatum
1007 1125 1214 1238 sanguine
1220 1125 1410 1233 fenum,-

332 1236 465 1350 quue
483 1238 587 1320 satis
595 1238 767 1346 fuerat;
785 1255 1048 1352 nostrumque
1060 1239 1245 1348 petentia
1264 1238 1391 1318 letum

336 1347 517 1460 Corpora
535 1351 664 1433 missa
682 1351 777 1434 suci
786 1351 904 1437 salva
916 1355 1072 1463 pietate
1079 1351 1284 1460 fatemur.-

330 1461 418 1548 Sed
434 1490 557 1574 quam
575 1459 723 1546 danda
742 1465 854 1562 neci,
873 1480 958 1548 tam
976 1492 1060 1546 non
1078 1459 1290 1573 epulanda
1298 1463 1494 1570 fuerunt.

331 1575 523 1690 Longius
539 1572 638 1658 inde
655 1577 775 1686 nefas
792 1577 915 1676 otiis,
934 1594 974 1660 et
985 1579 1125 1686 prima
1138 1590 1315 1685 putatur
1459 1611 1474 1664 1
1491 1611 1505 1664 ι
1522 1613 1534 1664 ι

331 1687 485 1771 Hostia
501 1716 574 1771 sus
591 1689 786 1772 meruisse
803 1691 910 1774 mon'
918 1749 933 1785 ,
951 1691 1050 1802 quia
1068 1690 1227 1772 semina
1241 1683 1387 1797 pando

330 1797 501 1884 Eruerit
517 1815 674 1896 rostm,
690 1828 882 1914 spemque
899 1801 1160 1913 imarceperit
1176 1801 1291 1887 anni.

383 3729 447 3768 sos.
464 3705 583 3770 Piscem.
609 3713 686 3788 Quin
711 3719 739 3768 et
766 3714 887 3789 piscium
913 3730 992 3770 esum
1022 3713 1174 3771 interdixit
1198 3717 1259 3772 suis
1286 3713 1484 3794 Pythagoras.
1505 3717 1549 3772 u·

324 3803 402 3882 quad
416 3789 544 3871 ἔλλοπες
563 3806 639 3870 sint,
657 3801 763 3858 silentii
782 3805 924 3860 cultores.
937 3802 1015 3881 quod
1027 3805 1087 3877 ipse
1106 3803 1233 3859 divinum
1253 3805 1328 3882 quid
1347 3807 1548 3864 existimabat:

325 3906 357 3953 ut
377 3895 462 3951 nabet
491 3891 657 3950 Athenaeus
678 3891 725 3948 tit.
749 3895 775 3950 5.
795 3911 860 3966 cap.
885 3891 1068 3950 16.Anisac
1099 3891 1255 3952 Phereeide
1272 3897 1351 3970 Syra
1370 3895 1485 3954 habuit.
1504 3897 1551 3951 Pi·

324 4007 385 4047 sces
404 3990 480 4046 enins
500 3988 577 4042 inter
595 3987 715 4042 numina
734 3995 912 4044 venerantur
930 3987 1011 4060 Syri.

382 4103 444 4138 ιιι.
462 4081 497 4138 Et
518 4078 616 4158 prims.
628 4079 723 4138 Pria·
741 4080 828 4138 Ceres
847 4077 946 4138 uidae
966 4078 1061 4158 gavisa
1082 4090 1125 4136 est
1144 4079 1283 4159 sunguine
1304 4101 1418 4160 porcae,
1439 4093 1494 4140 etc.
1526 4100 1549 4134 s.

323 4175 439 4228 Fastor.
461 4189 543 4236 moe.
567 4169 647 4228 Rode
677 4189 766 4246 caper
789 4173 889 4241 vitem
908 4182 1005 4228 tanen
1036 4171 1102 4226 istnc
1121 4189 1187 4228 cum
1206 4173 1299 4228 stabis
1319 4171 1361 4227 ad
1380 4189 1474 4240 aras,
1493 4179 1545 4225 ete

321 4265 488 4327 quanquam
505 4265 577 4304 aras
596 4250 762 4306 incruentas
780 4251 893 4316 sciuit,
913 4259 941 4306 et
963 4250 1117 4326 placentas
1148 4257 1262 4304 tantum
1295 4249 1400 4306 obtutu
1412 4289 1421 4316 ,
1442 4247 1549 4322 sacrifi·

321 4345 369 4396 cia
386 4340 527 4395 inanima.
545 4340 619 4394 Sunt
639 4349 753 4410 tamen,
779 4341 873 4418 inquit
895 4341 1029 4399 Laertius
1051 4341 1102 4417 qui
1132 4337 1232 4415 galias
1250 4345 1344 4415 atque
1364 4337 1475 4398 haedos
1492 4355 1549 4392 sna·

318 4443 414 4490 ctasss
432 4431 547 4500 dieant3
566 4432 625 4487 isne
643 4441 749 4490 cuneta
769 4432 849 4490 ilium
869 4435 1004 4492 animata
1022 4433 1052 4490 in
1073 4431 1166 4491 cibun
1186 4433 1360 4509 permisisse.
