3252 5256
377 391 429 448 22
711 388 745 445 Ρ.
766 387 893 447 ovlmt
919 386 1086 449 utsotts

293 507 355 592 Et
363 511 479 621 fuga
498 505 607 619 (qun
627 505 720 589 solii
737 523 924 601 attactos,
943 505 1218 602 timidissime,
1242 504 1394 620 vincis)
1429 501 1507 592 115

294 619 439 702 Tarda
447 622 600 727 fictura
619 619 697 700 riti
712 635 773 702 est
788 619 1026 733 gestamina
1044 636 1164 702 tanta
1182 619 1373 703 tralrentr'.

294 731 446 826 Adde,
465 730 581 843 quod
597 734 674 815 iste
692 747 807 831 tuus,
827 748 912 813 tam
930 760 1026 813 raro
1040 734 1205 840 praelia
1217 761 1399 843 passus,

294 848 463 958 Integer
479 863 540 927 est
559 845 752 957 clypeus;
771 862 925 946 nostro,
944 845 1018 955 qui
1035 846 1119 927 tela
1126 845 1310 956 ferendo

294 957 419 1046 Mille
432 974 550 1070 patet
562 959 726 1070 plagis,
745 987 884 1042 novus
901 974 962 1040 est
980 985 1198 1042 successor
1218 955 1445 1040 habendus.

296 1069 513 1182 Denique,
533 1071 638 1183 quid
653 1073 792 1154 uerbis
811 1100 914 1182 opus
933 1067 1029 1152 est?
1048 1088 1279 1179 spectemur
1293 1069 1478 1184 agendo.

293 1186 430 1288 Arma
448 1185 665 1294 virt'fortis
683 1183 840 1266 medios
859 1185 1078 1266 mittantur
1093 1185 1320 1272 inltostes:
1425 1211 1497 1268 121

294 1297 400 1382 Inde
408 1298 552 1410 jubete
565 1298 673 1407 peti,
692 1313 731 1380 et
748 1297 988 1406 referentem
1007 1313 1150 1379 ornate
1168 1297 1322 1380 relatis.

351 1410 539 1493 Finierat
559 1409 781 1493 Telamone
797 1425 927 1509 satus,
946 1409 1151 1522 uulgique
1167 1426 1353 1493 secutum

296 1523 456 1608 Ultima
474 1538 785 1616 murmuraret:
805 1521 940 1606 donec
957 1522 1153 1606 Laertius
1170 1523 1289 1605 heros

292 1634 494 1736 Adstitit,
514 1652 637 1747 atque
656 1634 800 1718 oculos
813 1635 986 1745 paulum
1004 1634 1149 1716 tellure
1172 1651 1353 1721 moratos
1426 1633 1505 1723 125

290 1749 469 1834 Sustulit
488 1749 552 1834 acl
560 1775 779 1858 proceres,
798 1764 1124 1860 exspectatoque
1141 1749 1306 1832 resolvit

340 3090 402 3126 ior.
424 3069 519 3127 Arma.
539 3069 623 3124 Hauc
643 3070 874 3136 controversiam,
893 3072 985 3144 inquit
997 3074 1117 3136 Seneca,
1137 3069 1250 3123 memini
1270 3087 1314 3124 me
1333 3067 1433 3126 uidere
1451 3072 1517 3130 Na·

281 3181 378 3219 sonem
399 3162 566 3218 declamare
591 3159 672 3232 apud
690 3161 831 3216 rhetorem
863 3161 1004 3218 Arellium
1035 3164 1181 3230 Fuscum,
1201 3162 1285 3237 cujus
1305 3165 1425 3218 auditor
1437 3165 1517 3238 suit.

281 3252 358 3309 Nam
381 3254 516 3307 latronis
536 3251 701 3308 admirator
720 3261 796 3319 erat,
816 3261 871 3308 etc.
882 3255 985 3307 Oratio
1003 3252 1067 3327 ejus
1081 3253 1222 3327 jamtum
1242 3253 1314 3309 utttt
1332 3253 1417 3310 aliud
1434 3265 1518 3329 pate·

282 3355 331 3402 rat
351 3343 469 3411 uideri,
486 3362 572 3420 quam
593 3341 719 3398 solutum
739 3361 866 3400 carmen.
884 3343 967 3400 Adeo
988 3353 1087 3402 autem
1111 3345 1239 3406 studiose
1258 3346 1411 3402 latronem
1432 3348 1523 3404 audi·

281 3443 332 3506 cit,
352 3449 383 3494 ut
406 3438 514 3492 misltas
532 3436 596 3512 ejus
616 3440 775 3492 sententias
793 3441 934 3492 inversus
953 3453 1022 3492 suos
1042 3437 1234 3493 transtulerit.
1250 3440 1285 3492 In
1305 3457 1454 3510 armorum
1469 3439 1520 3514 ju·

282 3533 359 3588 alicio
379 3530 498 3585 dixerat
518 3531 621 3585 Latro:
651 3527 803 3584 Mittamue
827 3546 902 3583 arma
923 3527 952 3584 iu
973 3527 1090 3597 hostes,
1117 3539 1146 3584 et
1168 3540 1306 3606 petamus.
1330 3530 1412 3587 Naso
1431 3531 1521 3589 ttxtt.

281 3625 370 3680 Arme
391 3619 538 3677 visilastis
556 3617 663 3676 medios
682 3617 834 3675 mittantur
854 3617 883 3674 in
904 3615 1010 3690 hostem
1027 3617 1097 3676 lude
1117 3618 1215 3695 jubete
1236 3618 1413 3698 peti.Sencc.
1429 3620 1480 3678 ttt.
1494 3642 1520 3679 t.

281 3720 456 3767 controvers.
471 3729 514 3766 ιο.

348 3801 726 3880 124.Vutgiquesecutum
745 3799 855 3860 intima
882 3801 1200 3860 murcomannum
1229 3802 1354 3878 populos
1373 3817 1522 3860 osumtuse
1614 3831 1615 3840 ι

280 3915 334 3953 suo
356 3897 458 3973 Ajacis
478 3897 558 3951 dicta
578 3895 743 3971 approbare
762 3904 805 3950 est
826 3897 911 3951 visus.

338 3991 401 4044 125.
416 3988 522 4046 Astitit.
532 3986 668 4044 surrexit.
683 3983 801 4043 Oculos.
811 3989 861 4040 Ea
873 3995 939 4042 arte
951 3995 979 4042 et
991 3985 1144 4043 eretcrum
1158 3995 1322 4062 praecepto.
1336 3987 1436 4044 Etiam
1452 4005 1518 4046 curu
1614 4035 1615 4044 ,

279 4079 322 4136 ael
330 4080 456 4156 judicem
475 4099 527 4138 nos
538 4083 772 4146 converterimus,
793 4088 822 4133 et
841 4079 990 4134 consultus
1010 4079 1136 4136 Praetor
1154 4082 1318 4153 permiserit
1329 4080 1436 4146 dicere,
1458 4102 1518 4140 aon

282 4177 415 4246 protinus
435 4183 480 4230 est
498 4169 723 4248 erumpentium,
742 4172 794 4227 sed
813 4169 912 4226 danda
934 4171 1026 4227 brevis
1046 4173 1220 4247 cogitationi
1239 4191 1318 4228 cura.
1340 4175 1417 4230 Mire
1442 4180 1519 4232 enim

278 4265 448 4323 auditurum
468 4267 575 4322 dictori
594 4285 666 4321 cura
686 4263 824 4328 delectat,
837 4279 864 4318 et
881 4263 977 4337 judex
996 4281 1027 4319 se
1047 4267 1110 4338 ipse
1130 4267 1284 4338 componit.
1294 4265 1358 4321 ttae
1370 4271 1515 4342 praecipit

280 4365 422 4417 Homerus
446 4361 560 4435 Ulyssis
591 4359 744 4434 exemplo,
764 4376 847 4434 quem
876 4358 990 4413 stetisse
1020 4355 1092 4414 dicit
1111 4359 1202 4414 aculis
1221 4359 1251 4410 iu
1270 4366 1378 4416 terram
1398 4359 1519 4437 defluis,

279 4457 456 4530 immotoque
473 4461 599 4529 sceptro,
617 4453 786 4528 priusquam
806 4449 888 4508 illam
908 4449 1091 4526 eloquentiae
1109 4448 1267 4524 procellam
1287 4450 1463 4530 effundam.
