3226 5240
79 437 152 502 sipio
170 433 201 488 in
219 431 352 496 ltaliam,
372 427 442 488 insle
460 413 573 488 russum
592 430 622 484 in
640 429 797 486 Laconians
815 425 1000 504 deportatum
1013 427 1160 486 elicitSeel
1178 429 1215 486 de
1233 429 1288 488 liae
1337 492 1340 498 ,

76 545 107 581 re
126 525 237 600 copiose
256 522 425 578 Pausanias
443 523 472 576 in
492 505 649 578 Laconicis.
675 517 821 576 Oresteae.
854 519 971 574 Dianae
995 517 1148 592 Scythicae
1171 521 1289 576 nmula-

77 616 173 673 clirum
192 625 222 672 et
240 633 325 671 sacro
345 633 384 670 eu
405 613 533 669 Tausioa
551 615 591 667 ¹in
608 611 730 667 ltaliam
749 609 849 668 tulisse
869 608 971 684 sertus·
995 613 1110 667 Orestes
1129 628 1194 668 eum
1212 611 1291 688 lplii·

73 713 158 785 genia
177 726 289 776 sorore,
310 715 338 764 el
356 709 386 764 in
405 723 519 764 nemore
537 707 654 762 Aricino
673 705 818 764 statuisse.
837 705 915 766 Vide
952 703 1005 762 tit.
1023 703 1147 781 Gycald.
1169 710 1292 785 Spntag.

76 819 120 855 η.
138 807 167 856 et
180 801 320 855 lactans.
340 797 388 860 liu.
411 815 510 870 ncep-
532 817 576 852 αι.

96 890 99 896 ’
133 891 218 947 Vens.
238 891 478 963 715.Vultusnus.
498 889 617 945 Flavius
637 895 688 945 est'
701 887 887 962 Campaniae.
899 885 1076 947 Vulturnum
1093 886 1191 944 urbem
1211 904 1293 962 prae·

74 982 225 1040 teslebens.
245 982 376 1041 Sinuessa
396 981 530 1040 colubris.
549 983 685 1037 Sinuessa
707 981 885 1056 campaniae
905 980 970 1037 urbs
990 988 1044 1049 est,
1062 979 1220 1056 Niveisque
1237 977 1295 1036 ise·

74 1090 164 1146 quens
183 1071 314 1130 Sinuessa
333 1072 465 1130 colubris.
475 1072 579 1148 Nugas
597 1089 659 1129 esse
678 1069 715 1126 cle
732 1073 914 1128 Sinuessanis
939 1071 1018 1128 nisce
1034 1069 1160 1128 colubris
1178 1072 1289 1146 opinor.

74 1163 222 1220 Neminem
241 1172 318 1220 certe
335 1183 373 1221 ex
392 1165 519 1241 antiquis
538 1163 724 1239 scriptoribus
741 1161 840 1230 evolvi,
857 1167 907 1241 qui
926 1163 1029 1220 lias-um
1047 1166 1231 1222 meminisset.
1250 1167 1296 1222 Da

73 1250 184 1310 lsalneis
202 1255 388 1310 Sinuessanis
406 1253 496 1310 multa
516 1253 598 1330 apud
616 1263 751 1310 auctos-es
770 1257 883 1310 mentio.
901 1258 1005 1332 ltaque
1022 1254 1139 1310 dulcissm
1158 1273 1215 1311 non
1233 1264 1290 1324 est,

73 1344 220 1403 columbus
253 1346 349 1404 nivens
367 1347 471 1402 lsarum
500 1347 564 1402 loco
596 1347 696 1421 seponi
724 1343 842 1414 debere,
867 1355 956 1422 atque
975 1347 1017 1402 ita
1037 1349 1119 1420 prim.
1139 1348 1247 1406 Bonon.
1265 1359 1295 1407 st

72 1455 147 1494 unus
175 1438 334 1497 Mediceus.
364 1440 520 1518 Campanas
548 1447 626 1498 ceste
655 1439 799 1500 columbus
827 1443 939 1498 Plinius
979 1441 1158 1498 commendat
1175 1442 1250 1500 libro
1268 1465 1296 1503 x.

50 1551 52 1554 ’
74 1546 138 1602 cup.
158 1549 267 1584 xnnrss.

132 1623 217 1680 Vens.
240 1623 304 1693 7¹⁶·
322 1622 358 1678 Et
378 1641 464 1698 quem
478 1621 629 1680 tumulavit
647 1623 787 1682 alumnus.
798 1624 981 1700 Periphrasis
999 1632 1042 1680 est
1055 1622 1187 1699 Caietae,
1207 1642 1294 1701 quem

71 1729 92 1764 a
114 1709 223 1785 cajeta
241 1713 350 1766 AEneae
368 1714 479 1769 nutrice
496 1714 710 1770 denominatam
724 1732 786 1771 esse
798 1715 891 1772 nostri
910 1713 1022 1789 quidem
1043 1715 1170 1770 sentiunt
1189 1717 1295 1790 psi‘tae

74 1800 202 1875 Quidam
222 1819 292 1859 uero
310 1803 387 1879 quod
417 1807 446 1860 in
476 1805 576 1862 littore
606 1823 692 1862 curso
712 1810 749 1864 sit
767 1811 878 1883 posita,
902 1811 943 1864 sic
960 1805 1143 1882 appellatam
1163 1828 1183 1863 a
1202 1810 1294 1866 Laco·

71 1893 158 1948 nibus
176 1901 289 1967 putant.
322 1898 417 1952 Curva
435 1913 558 1975 namque
576 1899 673 1954 omnia
693 1899 804 1973 Cujetss
819 1903 946 1957 Lacones
974 1900 1123 1956 vocabunt.
1143 1900 1295 1960 Alumous.

70 1988 217 2052 AEnaeos,
236 2007 256 2040 a
278 1987 379 2062 Caiete
396 1988 477 2047 altus
494 2000 523 2046 et
542 1987 691 2048 educatus.
715 1993 832 2052 Graves.
849 1996 974 2070 Propter
991 1994 1193 2052 eslalationss
1210 1995 1294 2072 palu·

70 2087 158 2133 seres.
179 2079 289 2136 AEneisl.
311 2101 371 2152 7.o.
386 2101 411 2138 1.
