3266 5250
390 337 474 446 324
728 365 762 422 Ρ.
783 365 913 424 ovum
935 361 1099 424 ussurus

303 477 436 564 Fonte
443 479 534 588 suit
548 494 811 587 praestructa
829 508 962 574 nano,
981 479 1080 562 cium
1101 477 1291 562 Martius
1308 509 1428 566 orma

301 591 495 676 Indueret
514 591 657 678 miles:
676 619 782 694 quac
796 610 1018 703 postquam
1040 593 1237 678 Romulus
1256 593 1365 676 ultro

305 705 490 801 Obtulit,
510 719 549 784 et
567 718 699 784 strata
717 721 779 788 est
797 706 920 788 tellus
938 707 1125 789 Romana
1144 705 1315 789 Sabinis
1430 705 1512 791 800

306 817 567 926 Corporibus,
589 831 800 929 strataque
818 819 932 915 suis;
948 819 1172 930 generique
1190 847 1376 901 cruorem

302 931 518 1042 Sanguine
536 957 630 1010 cum
647 933 783 1012 soceri
793 930 1034 1040 permiscuit
1051 932 1202 1036 impius
1219 935 1358 1020 ensis.-

306 1043 418 1126 Pace
435 1060 572 1123 tamen
591 1042 687 1125 sisti
697 1045 865 1143 bellum,
883 1071 960 1126 nec
971 1044 1017 1124 in
1037 1042 1180 1124 ultima
1189 1044 1309 1150 ferro

302 1155 529 1240 Decertare
541 1154 707 1262 placet,
728 1155 973 1264 Tatiumque
990 1153 1189 1240 accedere
1206 1186 1349 1267 regno.

321 1371 322 1374 q
359 1265 584 1351 Occiderat
597 1267 761 1362 Tatius,
775 1268 1020 1379 populisque
1034 1285 1213 1378 aequata
1225 1267 1398 1369 dreobus,
1415 1265 1503 1354 805

239 1471 247 1490 ,
301 1380 483 1481 Romule,
493 1380 596 1496 jura
613 1377 762 1468 dabas:
776 1383 921 1491 posiui
939 1409 1033 1467 cum
1046 1381 1213 1468 casside
1235 1382 1418 1467 Mavors

357 3999 421 4069 804.
439 3995 611 4076 Tetiunque
630 3993 764 4058 secedere
785 4013 882 4073 regno.
900 3997 977 4056 Nem
997 4001 1071 4056 inter
1090 4001 1217 4076 retiquae
1236 4003 1319 4076 pecie
1337 4001 1523 4059 eondite‘enee

299 4085 352 4143 ltoc
370 4089 458 4144 etiem
476 4089 603 4164 placuit,
624 4097 657 4144 ut
678 4089 781 4145 Tatius
800 4107 943 4146 unacum
961 4091 1083 4146 Romulo
1111 4111 1207 4170 aequa
1225 4100 1374 4168 potestate
1399 4095 1523 4168 peribu·

299 4199 368 4256 sque
387 4179 541 4240 honoribus
559 4192 705 4260 regnaret.

352 4279 417 4336 δοῦ.
445 4275 605 4335 occideret.
625 4277 753 4347 terimi,
769 4295 832 4334 eum
845 4273 887 4334 act
899 4275 1023 4330 solemne
1041 4293 1154 4334 eaerum
1167 4296 1203 4334 eo
1214 4282 1355 4348 venisset,
1374 4299 1522 4344 concursu

286 4361 398 4440 seete,
418 4365 586 4442 interjectus
604 4375 663 4434 est,
681 4375 834 4444 postquam
852 4383 945 4424 annes
970 4375 1098 4442 quatuor
1114 4371 1182 4443 peri
1200 4387 1264 4427 cum
1291 4372 1414 4430 nemeto
1432 4383 1521 4449 pote·

299 4467 375 4518 stete
392 4463 571 4536 imperasset.
592 4459 720 4520 Duobus.
747 4463 926 4520 Rementem
946 4460 1086 4524 Sabinis..
