3226 5240
387 303 472 404 4ο4
730 320 763 376 r.
784 320 909 378 ovson
928 319 1091 380 essoris

302 436 542 524 Externum
556 437 696 548 potrio
719 438 937 550 contingat
954 438 1132 522 amicius
1149 465 1307 523 arvum.

307 551 455 638 Urbem
475 566 514 633 et
521 549 616 664 jem
635 578 758 634 cerno
778 551 996 664 Phrygios
1012 549 1156 634 dehere
1176 565 1373 658 nepotes,

305 663 477 774 Quanto
494 693 572 747 nec
590 679 666 758 est,
684 694 762 749 nec
780 665 877 764 erit,
896 693 974 748 nec
991 669 1089 746 uisa
1103 663 1313 774 prioribus
1329 668 1484 750 aunis.

302 777 430 860 Hanc
446 777 527 860 olii
535 805 726 887 proceres
739 807 818 888 per
833 778 1003 872 soeculo
1021 777 1152 889 longo
1165 793 1401 888 potentem,

300 887 389 974 Sed
405 887 617 974 domiuum
635 921 770 974 rerum
789 890 843 972 de
860 893 1069 1003 sauguine
1088 907 1212 972 notus
1230 891 1316 976 [iili

299 1001 471 1135 Efficiet
486 1043 499 1102 ;
517 1032 619 1116 quo,
640 1032 733 1086 cum
753 1003 876 1086 telius
894 1007 970 1087 erit
989 1031 1087 1104 uso,
1096 1005 1298 1112 fruentur

299 1116 520 1202 AEtlsereae
538 1113 678 1212 sedes,
697 1117 938 1227 coelumque
956 1119 1034 1200 erit
1053 1117 1196 1198 exitus
1214 1115 1291 1200 illi.

298 1229 418 1312 Haec
436 1229 637 1311 Helenum
657 1231 860 1314 cecinisse
879 1229 1132 1341 Penatigero
1151 1229 1335 1331 AEneoe‚
1434 1228 1520 1338 450

296 1341 444 1426 Mente
460 1369 615 1423 memor
629 1344 783 1448 refero;
800 1358 1065 1454 cognatoque
1083 1343 1245 1424 moenio
1263 1341 1405 1426 laetor

298 1453 512 1556 Crescere,
532 1471 571 1536 et
590 1456 748 1537 utiliter
768 1455 1012 1568 Phrygibus
1031 1455 1178 1540 vicisse
1197 1455 1419 1571 Pelasgos.

296 1568 363 1653 Ne
381 1582 517 1649 tomen
537 1568 677 1650 oblitis
695 1565 758 1652 od
773 1584 924 1652 metam
947 1567 1111 1652 tendere
1130 1567 1256 1679 longe

291 1679 601 1789 Exspctiemur
610 1681 741 1784 equis
755 1680 932 1781 coelum,
942 1679 1257 1792 etquodcunque
1267 1681 1430 1766 subilli
1442 1699 1522 1780 est,

292 1794 487 1876 immutat
489 1793 668 1902 formos,
676 1793 890 1907 tellusque,
903 1811 942 1876 et
956 1789 1165 1907 quidquid
1176 1823 1220 1876 eu
1234 1791 1312 1876 cllo
1326 1810 1403 1879 est.
1429 1794 1514 1901 455

290 1903 382 1988 Nos
394 1933 663 2017 qseoquepurs
675 1903 1056 2020 muudi‚(quoniom
1069 1934 1153 1992 non
1167 1933 1342 2016 corporo
1350 1910 1507 2016 solum,

295 2018 444 2108 Verum
462 2018 584 2102 etiom
604 2019 797 2106 volucres
813 2025 978 2106 animae
995 2047 1150 2118 somus,
1170 2019 1483 2131 ioqueserioos

339 3983 403 4054 446.
424 3977 479 4036 Per
498 3981 611 4038 enecuit
632 3973 724 4056 longe.
747 3980 802 4036 Per
821 3981 1017 4058 septingentos
1036 3997 1137 4038 oueos.
1149 3981 1300 4040 Processe-
1321 3986 1439 4063 Reges,
1454 3994 1525 4044 Coo

285 4071 374 4139 eules,
393 4070 447 4126 atu·
465 4079 537 4146 toga
558 4080 586 4126 et
607 4088 681 4146 sego
703 4069 788 4126 clari.

341 4169 406 4239 447.
426 4163 487 4220 toti.
507 4165 646 4218 Octavios
665 4165 816 4240 Augustus
836 4163 909 4219 tutti
929 4166 1017 4221 Caes.
1038 4163 1197 4240 adoptione
1207 4164 1313 4238 filius,
1333 4171 1386 4244 qui
1406 4184 1520 4229 meter·

285 4272 351 4309 oum
370 4271 461 4329 genus
478 4251 520 4308 aei
538 4254 713 4320 Ascanium,
735 4255 786 4329 qui
804 4262 832 4307 et
851 4253 958 4321 iuius,
977 4257 1086 4312 AEeeee
1094 4255 1195 4332 fitium
1217 4255 1377 4330 rescrebat.

343 4350 407 4419 452.
426 4344 549 4404 Utiliter.
567 4347 693 4401 iectura
707 4347 805 4420 utique
826 4345 987 4422 Phrygibus
999 4347 1076 4416 utili,
1099 4357 1200 4422 utpote
1217 4351 1247 4404 ire
1266 4349 1374 4408 ὂοηιωι
1397 4354 1518 4410 eedcste

285 4443 301 4496 ἑ
323 4441 431 4516 Trojae
450 4437 594 4496 cineribus
613 4442 719 4502 Rome,
743 4437 853 4495 tertium
873 4441 1004 4516 principe
1023 4451 1054 4500 et
1072 4439 1150 4498 orbis
1168 4443 1282 4517 sepite,
1304 4455 1431 4503 noete.
