3316 5246
365 288 439 404 196
698 299 1062 364 r.ov1n11nssoa1s

279 435 360 521 Vel
376 459 459 512 uon
478 438 695 538 agnoscet,
714 418 779 504 uel
792 416 995 500 dilexisse
1013 415 1192 525 negabit.

278 550 417 654 iisqne
435 538 541 622 arleo
559 550 716 616 tttulala
724 532 860 640 ferar:
880 527 1063 638 nullique
1082 522 1281 620 videnda,
1343 619 1347 624 ,

278 659 390 752 Voce
417 671 552 734 tamen
570 672 740 752 nuscar3
757 669 892 729 vocem
913 639 1121 748 mihifata
1139 638 1380 748 relinquent.

331 768 453 853 Talia
473 788 709 846 convexum
724 785 800 862 per
816 759 894 837 iter
910 766 1155 868 memorante
1173 751 1362 861 Sibylla,

272 882 445 969 Sedibus
464 875 694 958 Euboicam
715 869 877 980 Stygiis
894 867 1064 977 emergit
1081 864 1127 943 in
1146 866 1283 944 urbem
1403 859 1480 947 155

275 1001 427 1081 Troius
446 987 624 1071 AEneas:
645 984 858 1093 sacrisque
875 980 897 1062 ὁ
920 1007 1028 1061 more
1046 977 1199 1068 litatis,

271 1111 433 1194 Littera
453 1099 544 1180 arlit
563 1093 742 1178 nondum
763 1092 937 1176 nutricis
957 1090 1149 1172 habentia
1169 1114 1328 1172 nornen.

272 1225 358 1304 llic
378 1242 535 1324 atroque
555 1210 788 1288 substiterat
801 1221 896 1313 post
914 1203 1054 1288 taedia
1080 1203 1208 1310 longa
1226 1198 1413 1282 laborum

271 1329 457 1418 Neritius
480 1322 707 1405 Macareus
726 1345 860 1402 comes
878 1316 1129 1424 experientis
1152 1312 1333 1421 Ulyssei.

271 1446 491 1526 Desertum
510 1429 716 1541 qrsondnm
737 1427 883 1510 mediis
903 1428 976 1537 qui
992 1428 1158 1536 rupibus
1184 1423 1362 1507 AEetnae
1397 1421 1471 1509 160

272 1551 422 1639 Nescit
440 1541 797 1640 Achaemeniden,
817 1542 1111 1650 improvisoque
1129 1552 1335 1646 repertum

278 1667 430 1756 Vivere
449 1663 645 1764 mimicus
664 1657 736 1764 (μιί
753 1672 791 1738 le
809 1682 982 1739 casusve
1003 1651 1167 1735 Deusue

327 2756 393 2810 Fan.
415 2753 451 2808 V.
473 2751 527 2808 t't.
551 2749 617 2826 Arg.
647 2747 734 2802 Talia
754 2762 928 2813 convescunt,
952 2753 1005 2800 etc.
1034 2746 1137 2804 AEness
1167 2747 1223 2805 iter
1243 2747 1273 2806 in
1300 2747 1413 2806 italiana
1434 2759 1498 2806 ten·

271 2845 340 2902 dens
361 2841 396 2900 ad
414 2844 602 2918 Lestrygunss
622 2853 700 2895 ecurt
711 2879 720 2905 ,
732 2835 780 2893 ubi
800 2837 944 2893 Macareus
963 2835 1084 2894 Neritius
1097 2857 1191 2896 comes
1211 2839 1321 2916 Ulyssis
1340 2842 1493 2920 apparuit,

274 2953 491 3013 congressusque
512 2951 559 2990 eos
580 2945 622 2988 est
655 2930 814 2988 comitatus.
844 2929 943 3003 ltaque
963 2947 1028 2984 cum
1059 2930 1232 3006 exposuisset
1263 2932 1490 2991 Achaemenides

275 3028 349 3106 npud
370 3025 523 3102 Cyclopem
543 3043 614 3100 quae
636 3033 729 3080 essent
750 3021 821 3097 passi
841 3023 925 3087 socii,
944 3019 1072 3078 similiter
1090 3036 1119 3079 et
1138 3021 1186 3081 itte
1205 3044 1306 3101 quaen
1325 3027 1408 3084 Circe
1427 3045 1493 3084 cuna

275 3118 380 3174 consite
401 3114 583 3192 Eurylocho,
603 3117 649 3191 qui
673 3111 787 3191 potione
808 3125 922 3188 accepta
944 3112 972 3170 iu
993 3113 1082 3171 verine
1102 3113 1205 3190 figuras
1224 3115 1392 3173 commutati
1409 3127 1497 3184 suut,

275 3207 409 3283 quodque
429 3203 576 3260 novissime
597 3205 711 3282 Ulysses
730 3201 854 3258 rcrnedm
876 3202 1007 3260 Mercurii
1028 3222 1062 3260 eo
1083 3204 1182 3274 venit,
1215 3219 1245 3264 et
1263 3208 1361 3280 ‚socios
1380 3223 1496 3284 recupe-

277 3294 362 3360 ravit,
384 3311 419 3352 ex
440 3313 528 3368 eoque
550 3295 650 3351 Circen
670 3290 794 3370 junxisse
814 3309 844 3347 se
864 3292 890 3346 ei
903 3291 933 3348 in
952 3293 1175 3352 matrimonium:
1195 3299 1362 3372 monuitque
1381 3298 1499 3354 AEueam

280 3409 317 3446 ue
337 3387 479 3445 littoribus
499 3385 592 3442 Circes
612 3385 769 3443 accederet.

339 3481 399 3534 153.
416 3479 553 3534 Euboica.
569 3481 673 3532 Cumas
694 3476 923 3534 Chalcidensium
941 3476 1093 3533 coloniam.
1110 3477 1225 3535 Chalcis
1243 3487 1341 3534 autem
1362 3475 1498 3554 oppidum

282 3581 324 3628 est
345 3573 490 3627 boeotiae.

343 3668 403 3735 159.
422 3661 545 3718 Neritius
567 3663 720 3718 Macareus.
744 3657 895 3735 Hicsorte
915 3657 956 3714 ad
977 3661 1072 3715 Circes
1096 3663 1255 3736 potentiam
1287 3663 1502 3740 explorandum

284 3755 321 3812 ab
345 3755 447 3826 Ulysse
467 3753 584 3816 missus,
604 3769 666 3808 essen
686 3752 828 3826 potionem
848 3750 885 3804 ab
905 3751 969 3825 ipsa
991 3753 1071 3806 Circe
1090 3761 1238 3828 acceptam
1258 3764 1421 3830 gustasset,
1442 3775 1501 3810 uno

283 3867 346 3907 cum
366 3846 491 3904 omrrilrus
510 3845 613 3910 sociis,
633 3851 749 3916 praeter
768 3861 854 3898 unum
875 3843 1089 3917 Eurylochum,
1110 3849 1159 3920 qui
1177 3847 1249 3902 nihil
1269 3848 1363 3903 hibere
1383 3849 1500 3914 uoluit,

283 3943 313 3996 in
332 3955 447 4012 porcum
455 3933 516 4006 luit
536 3951 700 4002 conversus3
713 3932 763 3988 sed
774 3933 904 4007 precibus
926 3935 1039 4010 Ulyssis
1059 3939 1140 3992 Circe
1153 3954 1202 3992 eos
1222 3937 1339 3994 tandem
1358 3941 1501 4012 pristinae

285 4033 411 4087 restituit
426 4026 562 4104 figurae,
582 4036 614 4082 ut
633 4027 775 4082 Homerus
796 4029 825 4082 in
846 4025 955 4084 decimo
976 4027 1080 4104 odyss.
1099 4029 1172 4086 libro
1192 4041 1304 4090 narrat.
1326 4031 1503 4108 Experientis

284 4119 404 4201 Ulyssei.
421 4120 543 4193 Extremi
562 4117 653 4174 multa
667 4127 695 4173 et
714 4119 793 4194 passi
816 4119 937 4194 Ulyssis.
958 4120 1080 4180 Neritus.
1098 4123 1266 4181 ithacensis.
1285 4123 1403 4180 Neritos
1423 4140 1502 4180 mous

285 4223 328 4272 est
348 4210 475 4268 ithacae.

344 4311 407 4362 ιῦι.
429 4301 526 4360 Nescit
546 4300 769 4360 Aeherneniden.
787 4303 988 4362 Aolrenseuides
1008 4309 1106 4364 timore
1126 4309 1297 4384 Polyphemi
1317 4308 1453 4384 Cyclopis
1472 4313 1500 4367 ir.

288 4399 387 4460 Sicilia
408 4397 445 4454 ab
470 4396 572 4472 Ulysse
591 4395 729 4464 relictas,
750 4395 786 4452 ab
806 4399 896 4455 AErteo
916 4397 985 4456 illac
1005 4401 1162 4478 navigante
1171 4399 1239 4480 suit
1259 4411 1404 4476 exceptus.
