3226 5240
386 310 467 426 406
721 337 755 396 r.
775 340 904 400 ovum
921 339 1087 400 msoms

302 439 528 538 Possumus
550 451 609 536 ire
628 447 789 562 domm,
803 453 1090 564 pecudumque
1107 455 1151 536 ia
1166 469 1339 562 pectora
1360 452 1514 565 condi)

304 565 510 675 Corpora,
529 594 635 674 quae
646 567 811 675 possint
828 569 993 650 animas
1011 567 1201 650 habuisse
1214 582 1463 676 parentum,

299 681 392 764 Aut
400 679 608 788 fratrum,
626 695 700 761 eut
717 679 862 792 aliquo
870 680 1112 792 junctorum
1120 677 1296 788 foedere
1316 680 1462 779 nobis,

278 795 282 806 ’
300 793 395 876 Aut
412 790 621 874 lominum
640 792 769 886 certi,
789 807 878 874 tuta
897 821 985 877 esse
1003 808 1042 874 et
1060 793 1231 876 leonesta'
1248 792 1470 878 sinemus.-
1596 893 1597 896 p

302 903 414 991 Neve
434 903 653 1010 Thyesteis
671 904 928 989 cumulemur
941 907 1109 988 uiscera
1127 904 1290 988 mensis.
1596 897 1597 920 ³

304 1017 441 1128 Quem
460 1016 566 1100 male
584 1018 836 1118 consuescit,
856 1047 978 1131 quam
996 1046 1041 1099 se
1053 1035 1179 1128 parat
1196 1017 1267 1099 ille
1284 1022 1435 1102 cruori

302 1131 460 1240 Impius
478 1131 686 1226 lsumano,
705 1131 834 1213 uituli
849 1131 921 1242 qui
934 1147 1107 1242 guttura
1126 1131 1258 1215 cultro

300 1241 484 1354 Rumpit,
502 1258 545 1325 et
561 1243 751 1328 immotos
763 1245 932 1352 praebet
950 1244 1176 1356 mugitibus
1194 1241 1347 1326 aures!
1432 1241 1520 1349 465

306 1353 396 1436 Aut
415 1357 489 1467 qui
504 1359 678 1468 vagitus
695 1356 851 1440 similes
863 1356 1095 1466 puerilibus
1112 1355 1290 1439 haedum

301 1465 507 1553 Edentem
518 1469 720 1582 jugulare
734 1484 888 1578 potest,
907 1484 981 1551 aut
998 1470 1098 1552 alite
1117 1469 1254 1561 uesci,
1600 1504 1601 1584 s

304 1580 385 1666 Cui
394 1579 512 1664 dedit
527 1583 616 1690 ipse
628 1579 764 1666 cibos!
781 1589 979 1692 quantum
992 1599 1066 1678 est,
1080 1581 1194 1691 quod
1204 1581 1314 1664 desit
1326 1583 1374 1664 in
1387 1583 1485 1666 istis
1600 1589 1601 1596 ‘

304 1691 384 1776 Ad
394 1696 564 1803 plenum
574 1691 775 1803 facinus!
797 1699 877 1805 quir
894 1696 1094 1778 transitus
1112 1691 1211 1776 inde
1223 1697 1431 1804 paratur!
1601 1687 1602 1698 Ν

302 1809 387 1892 Bos
407 1824 515 1905 eret;
532 1823 606 1888 aut
623 1823 790 1890 mortem
809 1809 1039 1892 senioribus
1057 1810 1225 1917 imputet
1242 1809 1384 1892 annis.
1433 1820 1518 1919 470

303 1919 562 2029 Horriferum
580 1934 726 2003 contra
744 1920 909 2003 Borean
929 1923 1014 2004 ovis
1032 1950 1150 2004 arma
1167 1921 1385 2004 ministret.

305 2031 439 2116 Ubera
458 2029 557 2116 dem
574 2048 742 2116 saturae
759 2033 948 2118 manibus
961 2029 1194 2142 pressanda
1215 2033 1420 2142 capellae.
