3316 5246
398 265 472 352 186
723 287 757 350 t.
778 290 908 352 ovum
926 288 1094 352 sesoms

310 409 554 511 Verborum,
572 427 612 493 et
635 428 760 492 natae
778 408 873 492 dira
891 412 937 492 in
949 411 1135 521 perjun'a
1153 402 1342 526 linguae:

304 522 436 606 Posse
454 525 570 636 queri
581 540 740 606 tantum
757 551 889 607 rauco
907 521 1083 606 stridore
1100 523 1306 634 relinquit.
1435 549 1511 609 toa

363 637 456 718 Has
475 637 548 718 ubi
555 637 787 744 praeteriit,
807 650 847 716 et
866 635 1169 746 Parthenopeia
1188 635 1343 719 dextra

306 747 483 834 Moenia
501 745 681 838 deserru’t
689 789 702 846 ;
720 749 838 834 laeua
851 746 904 830 de
917 764 1040 856 parte
1058 748 1206 832 canori

306 858 505 946 AEolidae
524 861 740 955 tumulum,
758 879 800 944 et
812 860 908 942 loea
916 862 1039 968 foeta
1053 861 1309 969 palustribus
1321 862 1437 945 ulvis

305 973 468 1056 Littera
490 971 729 1072 Cumarum,
746 972 989 1084 vivacisque
1006 989 1130 1055 antra
1149 975 1336 1083 Sibyllae

306 1086 458 1168 Intrat:
479 1101 538 1183 et,
558 1101 603 1166 ut
621 1114 763 1167 manes
781 1084 908 1168 adeat
920 1112 1002 1189 per
1017 1087 1195 1168 Auerna
1208 1104 1427 1194 paternas,

310 1195 427 1280 Orat.
446 1196 508 1280 At
526 1197 602 1278 illa
620 1196 694 1280 din
714 1199 848 1282 vultus
867 1197 1010 1280 tellure
1028 1213 1208 1280 moratos

305 1307 478 1394 Erexit:
499 1307 744 1418 tandemque
762 1309 856 1392 Dea
865 1307 1102 1415 furibunda
1115 1326 1298 1420 recepto,

307 1420 477 1534 Magna
485 1424 610 1531 petis,
624 1420 756 1522 dixit,
770 1423 970 1532 uirfaetis
984 1423 1184 1524 maxime,
1198 1423 1321 1535 culus

357 3637 430 3696 tat.
450 3641 504 3696 tV.
516 3634 582 3718 Arg.
605 3633 666 3697 ilas
684 3636 732 3696 ubi
750 3639 908 3714 praeteriit.
928 3630 1037 3716 sybilla
1056 3633 1124 3695 dum
1144 3649 1217 3696 esset
1235 3634 1313 3714 virgo
1327 3631 1364 3695 eh
1388 3627 1524 3716 Apolline

303 3741 412 3798 emate,
431 3749 496 3787 eum
516 3731 552 3786 eb
572 3751 606 3788 eo
625 3745 656 3788 ut
677 3730 816 3807 quidquid
836 3730 932 3788 veltet*
944 3741 1056 3808 peteret
1074 3729 1207 3788 hortante
1227 3730 1420 3806 impetrasset,
1434 3741 1466 3787 ut
1486 3737 1528 3787 tot

304 3837 395 3877 ennoe
415 3819 520 3879 viveret
535 3862 544 3888 ,
559 3833 629 3898 quot
648 3821 677 3879 in
696 3841 782 3880 mena
801 3841 899 3879 ereans
919 3821 1052 3890 tenebat,
1070 3820 1158 3879 oblita
1178 3833 1222 3880 eet
1241 3821 1364 3897 adjicere
1385 3833 1470 3886 vota,
1490 3839 1526 3878 ne

305 3929 429 3985 nequem
450 3926 620 3970 senesceret.
639 3915 733 3985 Quare
746 3933 810 3970 eum
831 3911 947 3970 Phnebo
960 3933 1065 3970 morem
1085 3932 1183 3991 gerere
1203 3911 1344 3978 noluerit,
1357 3911 1394 3968 ed
1413 3923 1530 3968 tentum

305 4001 488 4079 decrepitae
508 4006 653 4082 pervenit,
672 4019 704 4063 ut
723 4027 739 4063 e
759 4025 876 4084 corpore
897 4005 1031 4064 derelicta
1051 4007 1155 4064 totuin
1176 4026 1274 4064 vocem
1296 4003 1382 4063 suerit
1402 4023 1529 4062 continu⁴

306 4102 375 4148 tete.

362 4189 424 4254 ¹⁰4·
443 4186 556 4244 Viveeie
577 4186 710 4264 Sibyllae.
727 4191 810 4263 Quae
830 4190 1025 4264 septingentos
1048 4187 1113 4262 jam
1133 4204 1225 4244 annos
1246 4189 1384 4254 aluisset,
1410 4197 1443 4242 ut
1462 4188 1527 4261 ipsa

304 4269 406 4348 paullo
425 4285 490 4350 post
509 4287 624 4334 narrat.
645 4281 722 4338 Vide
742 4281 865 4337 Gellium
882 4279 935 4335 lib.
959 4299 982 4334 ι.
1004 4299 1068 4354 cap.
1088 4299 1148 4335 xm.
1167 4283 1212 4334 De
1230 4278 1349 4354 Sibyllin
1367 4286 1467 4335 aulem
1480 4291 1526 4336 θα·

304 4383 423 4442 rumque
441 4385 577 4436 numero,
594 4379 623 4427 et
642 4373 816 4442 nominibus,
836 4375 1007 4430 Luciumue
1025 4371 1075 4438 lib.
1096 4389 1121 4430 ι.
1140 4385 1206 4444 nup.
1228 4389 1254 4442 7.
