3252 5256
375 303 421 362 12
653 329 667 354 s
701 304 736 363 P.
756 300 886 364 ovum
903 303 1071 368 ntsoms

286 419 364 505 Illa
382 435 518 503 tamen
534 421 658 517 nisit,
676 423 777 536 quia
794 451 877 508 nou
895 425 1105 509 comitavit
1127 423 1324 528 Ulyssem,
1438 416 1494 504 55
1607 481 1608 488 Ν

287 533 443 624 Mallet
460 548 499 615 et
515 533 670 643 infelix
687 535 938 620 Palamedes
954 565 1043 620 esse
1061 536 1246 619 relictus:

292 646 474 747 Viveret,
492 663 565 729 aut
581 647 691 734 certi
709 648 832 730 letum
855 653 945 733 sine
962 652 1133 732 crimine
1151 650 1325 730 liaberet.

261 797 263 802 ¹
295 755 426 870 Quem
445 759 552 842 mele
569 763 752 848 convicti
765 764 937 847 nimium
955 791 1107 846 memor
1123 764 1201 844 iste
1209 761 1373 869 furoris
1607 765 1608 836 t

288 869 472 959 Prodere
488 901 570 956 rem
589 874 788 957 Danaam
793 875 961 984 finxit:
972 875 1211 986 fictumque
1225 872 1413 982 probavit
1607 837 1608 926 l

293 981 470 1079 Crimen,
487 1002 527 1066 et
539 979 728 1087 ostendit,
742 987 857 1100 quod
860 988 955 1101 jam
962 985 1242 1098 praefoderat,
1255 1013 1400 1068 aurum
1434 981 1487 1067 60

292 1096 1021 1209 Ergoautexsilioviressubdunit
1040 1102 1242 1198 Achivis,

294 1211 388 1294 Aut
405 1239 521 1294 nece:
540 1213 605 1296 sic
616 1229 802 1328 pugnat,
819 1215 885 1297 sio
900 1232 962 1298 est
979 1211 1220 1296 metuendus
1242 1212 1419 1322 Ulysses

301 1319 387 1433 Qui
405 1323 501 1407 lieet
519 1323 832 1438 eloquiofitlum
851 1355 1010 1439 quoque
1028 1327 1209 1412 Nestora
1226 1330 1384 1425 vineat,

296 1433 431 1518 Haud
445 1452 580 1520 tamen
592 1469 615 1516 e
658 1443 757 1540 ciet,
774 1436 979 1522 desertum
999 1456 1043 1520 ut
1062 1439 1242 1522 Nestora
1255 1439 1409 1519 crimen

297 1544 410 1632 Esse
426 1578 522 1632 rear
534 1577 562 1630 n
624 1581 710 1636 um:
731 1553 806 1664 qni
810 1612 822 1646 ,
841 1579 935 1635 cum
953 1552 1188 1661 imploraret
1209 1549 1406 1658 Ulyssem
1442 1545 1496 1634 65

302 1657 482 1746 Vulnere
498 1661 643 1747 tardus
660 1665 775 1778 eqni,
782 1665 1007 1777 fessusque
1024 1663 1224 1748 senilibus
1241 1663 1378 1746 annis.

348 4051 395 4106 60·
414 4044 649 4105 emeretensis
668 4045 790 4104 tentorio
809 4039 985 4114 Palamedis,
1004 4058 1057 4117 per
1076 4059 1176 4100 servos
1193 4041 1271 4100 illius
1289 4051 1451 4118 corruptos.

348 4145 395 4214 64.
416 4141 576 4198 Desertum.
598 4141 703 4199 Nestor
724 4141 757 4196 Gr
765 4139 842 4194 oecis
849 4134 980 4210 su'lmiue
1000 4137 1124 4200 territis,
1144 4145 1173 4192 et
1192 4137 1290 4214 jogali
1308 4137 1404 4193 altera
1423 4136 1461 4192 alr
1482 4140 1520 4194 A·

292 4230 434 4288 lexaodra
453 4230 629 4301 vulnerato,
646 4251 718 4309 pene
736 4231 890 4286 interiisset
910 4225 947 4281 ab
960 4251 963 4258 ·
974 4228 1095 4283 Hectore
1119 4230 1309 4300 interceptus,
1329 4229 1385 4284 nisi
1405 4228 1518 4284 auxilia

291 4327 461 4380 occurrisset
480 4323 631 4386 Diomedes
644 4363 655 4396 ‚
662 4323 785 4400 frustra
804 4325 935 4381 invocato
960 4320 1063 4395 Ulysse
1081 4333 1110 4376 et
1127 4323 1192 4397 ipso
1208 4321 1271 4397 jam
1284 4319 1366 4397 suga
1381 4321 1435 4378 sibi
1454 4339 1518 4376 eoo·

298 4416 417 4474 suleole.
427 4417 463 4475 tt
474 4421 502 4477 8·
