3226 5240
416 303 499 390 586
752 331 933 390 r.0v1o11
957 331 1121 391 ussurus

334 450 426 534 Aut
432 448 559 556 furit‚·
577 464 650 529 aut
667 449 812 527 mirum
825 451 988 554 patitur
1001 449 1204 560 gravitate
1220 471 1422 554 soporem:

339 562 508 648 Clitorio
527 561 762 672 quicunque
781 561 893 642 sitim
912 560 966 642 de
975 563 1097 671 fonte
1116 561 1280 660 levarit,

339 677 450 765 Vina
459 674 581 785 fugit
596 671 854 785 ‚gaudetque
873 677 994 755 meris
1012 674 1233 755 abstemius
1251 672 1392 755 uadis.

337 790 417 872 Seu
436 788 506 868 uis
525 788 647 869 estin
666 787 778 898 aqua⁴
796 785 938 868 calido
957 788 1168 868 contraria
1187 789 1316 870 uino:

334 903 452 994 Sive,
471 897 583 1010 qttod
600 896 823 1009 indigenae
842 914 1084 996 memorant,
1105 899 1354 979 Amithaoae
1374 915 1514 986 natus,

333 1009 556 1096 Proetidas
575 1015 775 1092 attonitas
787 1011 1005 1120 postquam
1019 1040 1098 1120 per
1112 1038 1276 1092 carmen
1296 1027 1336 1090 et
1353 1011 1498 1092 herbas

334 1125 505 1236 Eripuit
514 1124 646 1232 furiis
660 1187 670 1220 ‚
684 1126 937 1234 purgamina
957 1125 1105 1204 mentis
1124 1123 1168 1203 ia
1187 1124 1287 1205 illas

335 1239 462 1322 Misit
480 1265 628 1347 aurias,
649 1235 867 1345 odiumque
886 1236 989 1315 meri
997 1238 1231 1344 purmaasit
1251 1238 1294 1316 ia
1315 1235 1459 1318 undis.
1592 1321 1593 1328 χ

334 1351 447 1432 Huic
451 1348 559 1462 fluit
578 1344 729 1460 efficta
747 1346 893 1454 dispar
910 1349 1161 1457 Lyncestius
1179 1349 1334 1434 amnis.-
1461 1347 1529 1460 329

338 1463 468 1573 Quem
487 1463 718 1571 qrticrmque
730 1489 878 1568 param
898 1459 1106 1543 moderato
1122 1477 1289 1571 gutture
1307 1463 1465 1560 traxit,

335 1571 467 1656 Haud
483 1573 605 1654 aliter
621 1575 785 1670 titubat,
806 1575 988 1678 quamsi
1004 1601 1114 1653 mera
1134 1575 1229 1656 vina
1247 1574 1431 1656 bibisset.

333 1687 418 1770 Est
437 1686 554 1768 locus
572 1684 788 1768 Arcadiae
806 1682 1032 1794 (Piraeon
1045 1683 1193 1769 dt'xe‘re
1205 1685 1404 1797 priores)

334 1800 557 1910 Ambiguis
575 1813 789 1907 suspectus
806 1799 948 1906 aquis,
968 1825 1074 1908 quas
1091 1815 1211 1881 nocte
1229 1801 1372 1880 timeto
1382 1840 1397 1894 ;

335 1911 468 1996 Nocte
488 1926 636 1994 nocent
647 1926 793 2018 potae.-
811 1912 902 1992 siae
920 1915 1042 1994 acad
1061 1911 1154 1996 luce
1171 1912 1383 1995 bibuntur.

385 3077 448 3128 321.
469 3072 569 3130 Mirum
590 3069 725 3149 grauitate
744 3088 884 3146 soporem.
907 3071 1087 3146 Peripirrasis
1107 3079 1150 3128 est
1170 3071 1318 3149 lethargi.
1328 3073 1453 3132 Solinus
1471 3094 1493 3130 e.
1508 3079 1533 3127 tu

328 3165 414 3219 etiam
433 3162 528 3220 iurum
548 3165 577 3216 ia
598 3163 726 3236 AEtiopia
752 3160 821 3216 dicit
845 3179 907 3218 esse
913 3203 923 3230 ‚
946 3181 1003 3240 quo
1033 3163 1155 3238 perfusa
1175 3181 1302 3239 corpora
1322 3165 1406 3222 velut
1427 3166 1490 3222 oleo
1506 3168 1536 3218 ια’-

329 3265 448 3312 tescaat.

386 3349 449 3400 322.
468 3344 594 3402 Clitorio.
611 3345 718 3403 Vinum
744 3345 837 3403 taedio
858 3346 951 3402 venire
984 3345 1028 3402 his
1048 3329 1152 3422 quiex
1171 3345 1290 3404 Clitorio
1311 3347 1379 3404 tacu
1401 3347 1534 3408 biberint,
1592 3375 1593 3424 ᾗ

327 3437 424 3495 scribit
442 3436 513 3493 Plio.
525 3435 543 3492 Ι.
555 3441 634 3494 ΞΜ.
647 3457 673 3493 α.
683 3450 726 3494 est
745 3450 840 3495 eutem
860 3436 937 3495 lucus
954 3436 1001 3494 itte
1022 3437 1159 3496 Arcadiae
1179 3437 1207 3494 iu
1229 3439 1443 3517 Peloponneso.
1454 3440 1534 3496 Vitru·
1592 3425 1593 3516 i

329 3530 390 3588 vius
409 3529 458 3587 tit».
479 3535 506 3584 8.
526 3529 610 3586 reiert
630 3530 799 3608 epigramm
819 3527 849 3585 in
869 3528 986 3586 eundem
1018 3529 1209 3594 seutentiam,
1228 3531 1314 3589 sontis
1336 3531 1429 3609 lapidi
1460 3531 1537 3588 inseri·
1592 3517 1593 3568 i

239 3621 246 3634 “
329 3599 419 3698 ptuui.
431 3617 523 3676 Praeti
537 3631 630 3676 autern
645 3619 714 3677 filies
732 3610 872 3700 iittttauia
890 3618 1048 3677 laborantes
1078 3617 1238 3676 Melanthus
1265 3621 1456 3682 Amithsonis
1474 3623 1534 3680 fitius

328 3728 412 3768 sense
443 3709 530 3766 ruenti
549 3709 685 3780 restituit,
716 3707 864 3784 morbique
894 3698 1145 3795 ἀπομαθαρματα
1165 3710 1193 3765 in
1213 3709 1324 3767 iontem
1357 3714 1538 3790 conjecimt
1592 3705 1593 3722 ¹

329 3802 435 3858 Po'e'tue
456 3800 555 3878 piacet.

386 3893 450 3946 325.
470 3887 639 3946 Amithuoue
660 3900 750 3945 uetus.
769 3887 935 3962 Melampus
954 3887 1098 3953 medicus,
1118 3891 1167 3965 qui
1188 3889 1287 3944 Proeti
1307 3890 1486 3966 Argiuorum
1504 3909 1536 3944 rr

328 3985 373 4056 gis
390 3980 469 4050 filias
487 3989 613 4054 quatuor
631 3985 768 4052 putantes
789 3993 819 4033 se
837 3993 942 4032 vaccas
961 3995 1070 4054 esse-ea
1080 3975 1190 4052 surore
1209 3979 1356 4047 liberauit,
1378 4001 1465 4058 quem
1484 3983 1538 4050 ipsu

326 4073 419 4136 iuria,
439 4065 587 4126 ut'scribit
620 4067 803 4137 Pirerecides,
834 4075 866 4124 ut
900 4067 967 4138 aiii,
996 4069 1118 4136 Venus,
1149 4070 1327 4138 tramiserat,
1347 4071 1429 4148 quod
1452 4072 1503 4126 itte
1519 4085 1538 4122 se

328 4163 503 4238 pulchriores
523 4177 583 4216 esse
597 4161 756 4233 jactarent.

387 4249 614 4310 326.Proetidus.
635 4253 731 4306 Proeti
760 4253 929 4326 Argivorum
948 4253 1025 4328 regis
1045 4250 1151 4324 filias,
1182 4269 1305 4328 qrsurum
1330 4256 1454 4308 ramira
1485 4255 1537 4307 suit

329 4349 416 4412 haec,
436 4347 542 4412 Mera,
564 4341 699 4411 Eariaie,
719 4345 853 4417 Lisippe,
875 4353 904 4398 et
924 4343 1115 4416 Iphianassa,
1136 4361 1224 4418 qaam
1248 4343 1363 4420 quidem
1387 4346 1540 4416 metamus

330 4449 412 4512 parte
431 4439 512 4512 regui
531 4439 673 4510 accepta,
692 4442 881 4510 posteaquam
902 4431 970 4490 ilias
988 4433 1113 4497 curarit,
1138 4449 1259 4491 uxorem
1280 4433 1402 4508 accepit.
