3252 5256
394 289 438 374 18
720 315 756 370 r.
776 313 905 371 ιιιίοιι
924 311 1091 372 sisoius

299 426 420 513 Eece
428 429 574 536 ferunt
595 428 723 512 Trois
731 429 994 540 ferrumque,
1014 428 1245 541 ignemque,
1265 429 1490 538 Jouemque

301 543 354 626 In
371 541 555 624 Donnes
572 542 758 628 classes.-
777 543 849 623 ubi
863 539 1207 650 nuncfooundos
1229 541 1439 651 Ulysses?

304 653 463 766 Nempe
481 684 559 766 ego
577 654 690 735 mille
708 683 797 736 meo
809 654 983 763 protexi
993 669 1160 762 pectore
1175 683 1356 768 puppes,

303 772 424 877 Spem
445 769 568 851 uestri
583 765 758 853 rodinis:
782 765 880 848 dote
900 783 957 850 tot
969 795 1048 875 pro
1066 768 1248 848 nauibus
1266 795 1395 852 orma.

309 881 437 990 Quod
452 881 493 963 si
509 911 602 965 uero
622 879 719 962 licet
737 880 840 960 milti
856 878 1008 977 dicere,
1026 881 1241 990 quoen'tnr
1255 881 1361 980 istis,
1462 877 1517 992 95

310 993 446 1104 Quom
466 994 579 1094 milii,
597 993 731 1106 major
747 993 889 1101 honos,
904 991 1211 1106 conjunctoque
1219 992 1360 1108 glorio
1374 1009 1521 1078 nostru

365 1125 451 1191 est:

309 1223 452 1333 Atque
470 1219 597 1334 Ajux
615 1219 755 1316 ormis,
775 1246 857 1300 non
877 1217 1014 1328 Ajuei
1028 1247 1146 1301 ormo
1159 1235 1367 1328 petuntur.

313 1335 509 1444 Conferet
527 1335 591 1414 iu's
609 1332 781 1414 Itlzouus
800 1331 1002 1428 Rlsesum;
1020 1332 1303 1443 imbelkmqne
1319 1332 1521 1435 Dolona,

309 1441 631 1557 Piromidenque
650 1443 851 1526 Helenum
869 1447 994 1553 roptti
1007 1473 1109 1526 'oum
1134 1443 1313 1528 Pallade
1330 1463 1513 1558 coptum.

312 1565 428 1646 Luce
447 1560 557 1640 nilzil
568 1577 751 1669 gestum,
771 1555 881 1637 nilu'l
895 1573 957 1638 est
975 1555 1181 1639 Diomede
1199 1575 1377 1643 remoto:
1444 1587 1520 1644 too

312 1673 361 1758 Si
378 1672 506 1754 semel
520 1673 605 1754 istu
623 1668 737 1753 dotis
756 1670 912 1752 meritis
930 1685 1014 1748 tom
1034 1669 1180 1753 vilibus
1198 1699 1335 1768 ormo,

315 1783 535 1879 Dividite,
555 1801 595 1867 et
613 1783 749 1897 major
760 1781 936 1896 purs'sit
956 1779 1176 1866 Diomedis
1193 1784 1239 1867 in
1258 1782 1355 1870 illis.

366 3147 412 3197 9¹·
431 3126 505 3182 Esne
526 3123 605 3180 Idem
626 3123 663 3180 de
682 3124 778 3180 Ponto
797 3124 817 3179 1.
844 3129 868 3196 4.
886 3125 967 3202 Eieg.
988 3143 1012 3177 o.
1035 3145 1061 3194 ς.
1082 3121 1158 3180 Talis
1178 3137 1208 3182 et
1227 3123 1263 3182 sd
1289 3125 1403 3205 Trojano
1430 3127 1538 3186 Densis

311 3233 363 3290 pro
383 3215 505 3274 navibus
525 3217 600 3291 Ajsx
619 3213 731 3272 Dicitur
749 3215 902 3272 Hectoreus
922 3213 1086 3272 sustinuisse
1106 3214 1190 3272 isoes.
1211 3216 1270 3272 Sed
1289 3226 1398 3274 ueteres
1420 3219 1542 3296 Tragici

310 3306 386 3364 itone
403 3309 535 3364 uirtutem
566 3309 720 3365 insanienti
749 3309 925 3366 adscribunt.
946 3307 1016 3362 uam
1044 3305 1153 3364 fucinus
1183 3307 1252 3366 feeit
1277 3309 1442 3380 maximum,
1462 3329 1541 3378 eum,

308 3399 414 3457 Densis
433 3399 658 3468 inclinantibus,
677 3420 816 3459 summam
837 3421 895 3457 rens
918 3399 1034 3476 perfecit
1059 3420 1172 3458 mouns:
1194 3401 1331 3478 prselium
1353 3403 1477 3462 restituit
1497 3407 1542 3463 in·

308 3492 504 3551 seniens.1mo
523 3504 552 3550 et
573 3497 631 3550 Cic.
643 3499 670 3566 4.
682 3494 799 3551 Tuscul.
816 3502 934 3570 quaest.
955 3493 1073 3570 Semper
1092 3494 1169 3571 Ajnx
1187 3495 1289 3564 sortis,
1310 3496 1479 3556 fortissimus
1500 3511 1544 3558 u·

311 3601 378 3638 men
399 3583 429 3640 in
450 3583 555 3641 surore.

375 3681 422 3747 98.
442 3677 576 3732 Rhesum.
599 3679 702 3752 Regem
726 3675 892 3740 Tiresiae,
912 3676 962 3750 qui
992 3677 1106 3733 auxilio
1127 3677 1264 3755 Troianis
1287 3683 1383 3749 uenit,
1402 3699 1500 3738 uerum
1525 3703 1544 3740 o

311 3767 498 3826 Diomedeos
519 3767 622 3842 Ulysse
641 3770 833 3840 interceptus,
853 3785 916 3823 oum
936 3769 997 3824 suis
1021 3787 1123 3824 coesus
1142 3779 1196 3826 est.
1207 3773 1290 3826 Hom.
1309 3774 1350 3828 11.
1374 3791 1415 3830 ιο.
1435 3777 1547 3852 Virgii.

312 3861 424 3918 Aona.
444 3867 471 3915 et
492 3855 625 3932 infimis.
661 3861 725 3930 ι49.
745 3855 865 3913 Dolone.
887 3859 1001 3930 Quini
1021 3861 1143 3914 Hectore
1174 3862 1353 3936 speculatum
1377 3863 1503 3935 missus,
1524 3887 1545 3922 a

312 3955 453 4010 Diomede
471 3959 501 4005 et
525 3949 629 4023 Ulysss
647 3949 821 4023 interceptus
833 3959 921 4026 atque
933 3949 1103 4024 interfectus
1122 3961 1174 4008 est.
1195 3955 1279 4011 Hom.
1297 3953 1334 4010 il.
1357 3974 1400 4012 ιο.
1419 3966 1448 4012 et
1459 3959 1543 4034 insru

314 4061 385 4100 vers.
398 4045 460 4114 ι44.
482 4048 512 4096 ot
533 4042 563 4097 V
563 4039 639 4114 tegit.
664 4061 706 4095 su.
725 4037 844 4096 Aeneid.

369 4151 416 4203 99.
435 4127 586 4186 Helenum.
606 4131 686 4186 rasa
708 4129 901 4204 Troianorum
922 4149 1033 4186 arnono
1057 4135 1176 4190 Graecis
1195 4135 1347 4204 revelavit,
1371 4136 1544 4213 Triphieio-

313 4241 364 4280 rus
384 4243 407 4277 v.
429 4227 474 4295 44.
493 4231 522 4276 et
542 4225 576 4295 Q.
620 4224 797 4296 Smyrnaeus
816 4222 864 4278 tit.
891 4243 932 4278 ιο.
955 4223 1078 4280 Pallade.
1100 4225 1260 4293 Palladio,
1286 4227 1423 4303 Trojnnis
1433 4231 1544 4304 sotoii.

313 4312 410 4371 Fetele
430 4311 552 4389 aggressi
570 4325 680 4369 secreto
699 4311 822 4370 avellere
844 4310 950 4391 templo
968 4313 1135 4388 Palladium,
1150 4325 1203 4374 etc.
1224 4317 1304 4392 insru
1324 4339 1348 4377 u.
1369 4321 1434 4394 ³³7.
1454 4320 1547 4400 Rsptn

316 4427 381 4464 cum
401 4405 524 4465 Pallade.
545 4405 635 4482 Capta
656 4405 699 4464 voi
718 4417 794 4466 casin
814 4407 897 4465 multi
915 4414 1030 4472 veteres.
