3296 5248
377 311 458 404 ‘156

557 495 612 598 P.
653 488 875 607 OVIDII
915 485 1216 598 NASONIS

367 795 371 802 -
414 681 1366 888 METAMORPHOSEON

520 943 679 1031 orout
708 944 1236 1054 DECIMUSQUARTUS.

730 1139 759 1208 S
766 1139 886 1208 YNO
896 1138 927 1206 P
937 1136 965 1208 S
972 1136 1039 1208 IS.

285 1430 453 1634 Scylla
474 1521 514 1606 in
534 1523 747 1633 scopulum
768 1545 942 1615 mutata:
970 1524 1166 1633 Cercopes
1185 1519 1225 1602 in
1246 1519 1400 1605 simias:
1422 1519 1496 1638 Sy-

283 1635 380 1718 hina
416 1638 456 1716 io
493 1642 662 1720 vocem:
693 1635 800 1719 Socii
836 1635 995 1752 Ulyssis
1029 1637 1070 1718 io
1103 1662 1270 1746 porcos:
1301 1633 1421 1716 Picus
1451 1641 1495 1723 in

283 1773 415 1830 nvem:
446 1747 542 1830 socii
579 1746 787 1833 Diomedis
815 1749 856 1831 iu
884 1781 995 1838 aves:
1023 1773 1155 1862 pastor
1184 1747 1225 1830 in
1254 1745 1493 1836 oleastrum:

283 1890 402 1944 naves
430 1859 576 1941 AEueae
603 1859 643 1940 in
673 1863 889 1974 nymphus:
917 1863 1016 1948 urbs
1046 1858 1175 1947 Ardea
1204 1861 1245 1942 iu
1264 1859 1496 1955 volucrem,-

283 1974 531 2057 Venumnus
559 1970 599 2050 in
627 1975 752 2057 varias
783 1973 948 2062 formas:
978 2001 1104 2088 aquae
1129 1968 1294 2080 frigidae
1323 1973 1364 2054 in
1395 1976 1498 2060 cali-

286 2086 371 2173 dus.
409 2081 579 2174 AEneas,
611 2111 649 2170 et
680 2086 879 2174 Romulus
920 2092 961 2174 in
1001 2089 1122 2170 Deos,
1157 2083 1307 2168 Romae
1345 2091 1498 2175 natales

285 2225 325 2284 et
353 2199 489 2304 Reges.

284 2455 500 2654 Jamque
519 2537 761 2652 Giganteis*
781 2541 976 2654 injectam
987 2537 1191 2650 faucibus
1209 2536 1377 2633 AEtnen,

286 2653 484 2764 Arvaque
506 2651 753 2763 Cyclopum,
775 2651 878 2764 qaid
894 2657 1048 2750 instra,
1068 2647 1173 2764 quid
1189 2677 1288 2734 usus
1306 2653 1444 2734 aratri

285 2765 469 2866 Nescia,
488 2765 803 2874 necquicquam
814 2764 977 2878 junctis
995 2762 1185 2845 debentia
1204 2765 1353 2862 bubus,

284 2871 484 2987 Liquerat
502 2876 547 2959 E
549 2877 720 2959 ubuiaus
737 2875 985 2958 tumidarum
1007 2874 1142 2960 cultor
1157 2903 1376 2986 aquarum.-

287 2989 486 3097 Liquerat
504 3006 543 3069 et
561 2983 1046 3101 Zancleufaduer'saque
1064 2988 1225 3069 moenia
1244 2987 1399 3098 Rhegi,
1471 2981 1499 3068 5

286 3099 644 3212 Nauifragumque
652 3099 825 3205 fretam,
841 3095 1008 3212 gremino
1027 3098 1143 3212 quod
1158 3099 1293 3180 littore
1305 3123 1497 3209 pressum

288 3213 505 3296 Ausoniae
532 3212 778 3324 Siculaeque
797 3227 903 3293 tenet
921 3212 1110 3320 confinia
1128 3229 1269 3293 terrae.

287 3324 412 3420 Inde,
434 3353 561 3407 mauu
577 3352 732 3436 magua
753 3325 940 3434 Tyrreno
953 3355 1033 3436 per
1047 3351 1228 3440 aequora
1246 3324 1396 3433 lapsus

337 3558 410 3619 rat.
421 3567 445 3618 I.
457 3562 518 3638 Arg¹
532 3563 655 3635 Jamque
676 3561 837 3638 Giganteis.
848 3559 973 3618 Glaucus
986 3581 1050 3619 curn
1071 3583 1087 3618 e
1107 3561 1200 3638 Scylla
1222 3560 1323 3618 iuieeet
1341 3574 1465 3639 epretus,
1480 3581 1509 3619 ee

280 3650 316 3707 ed
336 3651 446 3708 Circern
466 3649 538 3706 Soio
556 3648 651 3719 filiurn,
670 3647 777 3719 herbis,
796 3651 1025 3728 carminibusque
1039 3651 1272 3730 potentissimum,
1292 3651 1423 3721 contulit,
1436 3671 1510 3710 earn·

281 3763 337 3818 que
357 3743 463 3817 rognvit
484 3753 515 3797 ut
534 3741 589 3798 eibi
609 3759 694 3819 opem
714 3741 821 3800 ferret:
842 3743 1023 3819 efficeretque
1037 3744 1210 3801 carminibus
1230 3757 1261 3800 ut
1280 3765 1296 3800 e
1317 3741 1413 3819 Scylla
1432 3743 1512 3800 rede·

283 3848 414 3892 inuretur.
428 3832 483 3891 Sed
505 3833 586 3891 Circe
607 3833 681 3890 illiue
701 3835 796 3892 etutim
817 3855 912 3892 eruore
932 3848 1015 3914 cepte
1033 3835 1123 3914 ipsum
1143 3836 1172 3892 in
1184 3855 1250 3892 eune
1268 3834 1414 3912 ampiexus
1434 3834 1512 3913 peth-

282 3945 346 3983 eere
368 3925 504 3983 tentarit.-
526 3947 540 3981 n
561 3944 619 4001 quo
639 3919 731 4002 epretu
752 3945 817 3982 curu
838 3925 948 3994 suisset,
967 3947 1079 3985 omnem
1093 3927 1317 4004 indignationem
1338 3927 1366 3984 in
1386 3927 1513 4004 Scyllum

284 4017 594 4084 convertuntuntur
616 4013 757 4090 quendem
781 4017 810 4072 in
832 4037 918 4092 quern
937 4017 1109 4076 descendere
1129 4015 1222 4094 Scylla
1242 4017 1302 4092 ipen
1315 4031 1513 4086 consuerent,

283 4105 399 4164 veuenie
419 4106 527 4174 iniecit,
547 4106 652 4181 quibus
675 4105 835 4182 pubetenus
855 4106 883 4162 in
905 4107 979 4164 uarie
1004 4121 1127 4166 munstre
1147 4125 1293 4171 converse,
1316 4125 1381 4164 cunr
1401 4107 1514 4164 sibime·

285 4199 349 4275 lipsi
369 4198 539 4273 displiceret.
558 4199 587 4254 in
608 4199 711 4255 iretuio
733 4197 862 4256 Siculum
882 4197 1013 4269 desiluit,
1032 4199 1079 4257 ubi
1100 4219 1164 4257 eurn
1185 4198 1268 4267 elion,
1289 4210 1348 4255 tunr
1369 4197 1397 4255 in
1418 4201 1516 4257 Circen

284 4291 381 4348 edium
401 4293 507 4367 Ulyseis
526 4299 617 4348 noeros
634 4290 800 4359 submersit,
819 4311 852 4348 ue
866 4290 982 4350 ioreiten
994 4289 1076 4350 etiarn
1089 4293 1202 4348 Aeneae
1221 4291 1368 4348 struxisset
1387 4289 1511 4359 insidiis,

284 4383 337 4442 uiri
358 4387 412 4460 jun
433 4383 578 4444 innexum
597 4382 696 4443 suisset
715 4402 862 4458 converet,
881 4383 959 4462 quud
981 4385 1138 4445 etiernnurn
1158 4402 1173 4441 ι
1193 4383 1287 4445 nuntie
1306 4384 1423 4448 uitetur.
