3226 5240
489 579 922 668 ANNOTATIONES

323 869 395 998 ΙΝ
435 862 804 978 ΜΕΤΑΜΟΒ.
849 859 1086 976 OVIDII.

591 1133 830 1167 ...ι’-.-

151 1659 213 1717 Lib.
232 1659 319 1715 XIII.
337 1673 408 1713 vers.
421 1657 466 1712 tt.
487 1655 523 1711 lit
542 1651 596 1711 sibi
615 1651 753 1712 inutilior.
773 1655 907 1713 Irritauit
931 1657 1007 1712 enim
1025 1656 1055 1712 in
1073 1673 1105 1713 se
1127 1655 1258 1730 Ulyssem
1277 1675 1318 1716 ea,

88 1753 216 1812 solertia
236 1767 307 1819 sua3
326 1757 355 1804 et
374 1746 438 1822 ejus
460 1745 532 1803 dolo
563 1748 652 1805 etiam
670 1747 788 1804 interiit.
813 1746 891 1806 Nam
924 1747 1167 1824 vuinebertus
1187 1748 1277 1824 finxit
1294 1769 1317 1807 a

89 1847 216 1902 Priamo
235 1839 276 1898 ccl
295 1835 482 1898 Palamedem
513 1837 618 1906 datas,
646 1838 749 1918 quibus
767 1839 932 1916 significare
958 1839 1107 1898 uidebatur
1126 1843 1264 1901 Priamus
1282 1862 1314 1902 aa

86 1950 228 2009 magnum
242 1934 311 1989 auri
321 1930 435 2007 pondus
447 1929 556 1986 misisse
566 1927 706 2007 aliudque
729 1931 889 1987 missurum.
901 1934 972 1988 Cum
985 1949 1050 1988 vero
1069 1931 1173 1989 literne
1184 1932 1226 1988 ad
1235 1936 1315 2011 Aga·

86 2042 266 2084 memnonem
276 2021 409 2099 fuissent
427 2019 571 2097 perlatae,
601 2020 719 2094 Ulysses
737 2020 809 2078 nibil
833 2030 938 2079 temere
956 2021 994 2080 de
1013 2031 1097 2080 tanta
1115 2023 1180 2083 uiro
1199 2023 1315 2083 meden-

85 2119 160 2176 dum
180 2119 274 2183 dicit,
295 2115 492 2181 misicorum,
512 2111 591 2190 quod
610 2113 661 2170 ille
675 2113 741 2189 jam
759 2131 918 2189 perservos
935 2123 1089 2192 corruptos
1107 2117 1137 2171 in
1157 2115 1235 2174 illius
1254 2126 1316 2175 ten·

91 2213 171 2268 torio
191 2207 399 2282 defodiendum
417 2214 596 2276 curaverat,
614 2204 883 2284 deprehenderetur.
910 2209 967 2278 Qui
991 2210 1081 2284 igitur
1106 2210 1186 2266 missi
1198 2207 1245 2266 ad
1262 2209 1316 2268 boc

88 2301 296 2380 inquirendum
304 2297 458 2375 juerant,
477 2319 542 2357 cum
561 2301 776 2356 renunciassent
801 2300 959 2369 inuentum,
978 2299 1125 2376 lapidibus
1143 2303 1317 2362 Palamedes

86 2419 111 2454 a
132 2403 195 2453 toto
214 2396 364 2461 exercitu,
383 2392 496 2470 dequo
513 2395 621 2469 optime
640 2392 759 2448 maritus
777 2401 859 2459 erat.
878 2392 999 2450 obrutus
1017 2402 1072 2451 est.

148 2488 235 2546 Vers.
256 2487 301 2540 53.
320 2481 499 2560 velaturque
527 2481 671 2560 aliturque
705 2479 812 2542 aribus·
832 2482 1028 2562 Venaturque.
1049 2486 1080 2540 S.
1105 2485 1206 2540 Marci
1225 2483 1316 2552 liber,
1427 2513 1431 2524 .

93 2579 211 2635 Thoan.
234 2577 323 2634 Urbin
341 2578 396 2650 pri.
418 2577 517 2632 Vario.
550 2584 614 2630 tert.
645 2575 753 2632 Medic.
772 2575 888 2653 Aliique
909 2575 1048 2634 nonnulli.
1066 2577 1126 2634 Sed
1146 2578 1247 2635 Cicero
1265 2575 1315 2634 lib.

91 2695 119 2728 r.
141 2673 179 2727 de
198 2668 319 2725 Finibus
336 2666 422 2724 docet
452 2685 491 2722 ee
520 2669 611 2723 Attio.
637 2667 825 2724 Philoctetam
858 2687 1017 2746 pennarum
1042 2678 1180 2728 contextu
1204 2665 1318 2748 coqsoci

88 2772 291 2839 tegumentum
311 2755 419 2815 leciasa.
440 2759 507 2831 Ipse
526 2755 689 2814 Philocteta
711 2755 792 2831 apud
811 2757 937 2826 Attium,

224 2850 343 2929 conligo
360 2849 457 2907 tardus
477 2845 598 2920 celerem
619 2860 697 2908 stans
716 2847 857 2919 volatilem

229 2943 284 3001 Pro
305 2954 382 3002 reste
403 2941 504 3020 pennis
523 2941 650 3000 membra
671 2940 757 3000 textit
775 2953 938 3020 contegens.
957 2939 1046 3001 Idem.

86 3037 290 3113 Venetosque.
311 3037 386 3092 Huic
407 3035 523 3090 lectioni
534 3033 625 3112 seret
644 3035 722 3111 quod
740 3053 778 3091 ex
797 3037 878 3092 Attio
909 3035 1020 3092 citatur
1038 3054 1059 3092 a
1081 3034 1216 3092 Cicerone
1236 3054 1260 3090 ι.
1279 3033 1317 3092 da

88 3131 227 3196 Finibus,
247 3129 435 3186 Philoctetem
454 3145 614 3204 pennarum
624 3135 763 3185 contextu
777 3130 892 3203 corpori
911 3137 1076 3204 tegumenta
1087 3125 1207 3204 secisse.
1226 3126 1315 3203 Vulg.

88 3227 148 3300 leg.
168 3223 307 3280 Venator.
329 3231 359 3277 et
381 3224 405 3276 5.
425 3219 463 3276 de
471 3219 558 3298 finib.
576 3219 765 3296 propagabat
795 3222 883 3275 vitam
902 3223 1028 3296 aucupia
1046 3221 1238 3298 sagittarum:
1263 3233 1316 3274 nee

89 3335 148 3374 nou
168 3313 324 3390 Sophocles
342 3317 372 3368 in
395 3311 575 3378 Philoctete,
594 3319 625 3367 et
644 3313 822 3386 Smyrnaeus
840 3310 888 3369 lilr.
909 3332 936 3384 9.

149 3411 234 3466 Vere.
254 3410 319 3462 626.
339 3403 476 3462 Praedam
497 3403 584 3461 illam.
597 3405 693 3461 Sacra
711 3413 741 3461 et
754 3412 878 3479 patrem.
898 3405 942 3460 De
962 3403 1114 3481 tantisque.
1135 3407 1229 3481 Capto
1247 3401 1314 3470 Ilio,

88 3501 198 3554 Graeci
218 3515 269 3570 per
287 3513 459 3571 praeconem
479 3493 714 3559 denunciabant,
745 3503 777 3549 ut
807 3493 916 3569 singuli
935 3511 973 3550 ea
991 3495 1097 3552 ciuibus
1116 3491 1195 3572 quod
1213 3491 1315 3549 vellent

87 3607 177 3647 unum
198 3583 320 3664 aliquod
338 3601 434 3641 secum
454 3582 618 3660 auferrent.
638 3586 744 3640 AEneaa
756 3587 834 3640 Deos
845 3593 966 3656 penates
985 3585 1111 3642 sustulit.
1132 3585 1237 3641 Graeci
1254 3583 1314 3661 pie·

89 3691 153 3741 tate
172 3681 226 3735 viri
245 3679 317 3734 moti
334 3679 541 3752 permiserunt,
561 3685 593 3733 ut
612 3694 700 3734 unum
719 3674 834 3754 aliquid
845 3678 963 3750 insuper
981 3695 1020 3733 ea
1039 3680 1099 3735 suis
1118 3676 1246 3735 tallerete
1265 3673 1315 3730 ille

86 3781 199 3846 patrem
220 3771 298 3827 senio
318 3767 479 3843 confectum
510 3767 634 3826 bumeris
663 3767 807 3826 sublatum
838 3769 991 3845 portabat,
1023 3778 1076 3826 etc.
1107 3769 1213 3827 Elian.
1236 3771 1312 3828 Var.

88 3864 155 3919 lu'st.
174 3861 222 3918 lib.
246 3865 271 3917 3.
284 3881 308 3918 c.
332 3881 378 3917 aa.
398 3857 482 3938 Eligit
501 3857 588 3917 illam.
606 3860 699 3919 Unam
722 3859 836 3917 Tbaun.
864 3862 949 3937 prim.
969 3863 1076 3919 Mouet.
1097 3861 1220 3938 Neapal.
1240 3864 1311 3919 Gra·

86 3973 152 4027 nou.
170 3953 253 4026 prim.
264 3950 355 4007 Basil.
375 3959 405 4007 et
423 3949 483 4006 duo
502 3951 564 4007 alil.

145 4045 233 4101 Vers.
250 4047 316 4116 692.
335 4043 422 4100 Natat
441 4041 478 4099 ab
497 4041 615 4100 Orione.
639 4043 739 4100 Orioni
763 4044 855 4118 Hyrei
864 4041 897 4118 s.
917 4045 947 4100 in
966 4046 1087 4101 Boeotia
1111 4044 1190 4102 duae
1205 4045 1307 4120 filiae,

145 4134 293 4192 Metioclaa
312 4144 342 4192 et
362 4137 513 4211 Menippo.
548 4137 619 4192 Cum
638 4144 825 4211 grassaretur
842 4155 895 4212 per
917 4138 1043 4194 Aoniam
1060 4139 1170 4214 pertis,
1193 4153 1310 4212 respon·

85 4247 204 4303 sumque
222 4235 297 4285 esset
317 4245 354 4282 ec
373 4227 515 4297 oraculo,
533 4227 688 4304 placatum
717 4227 755 4283 iri
775 4230 900 4285 Deorum
932 4230 1022 4296 iram,
1049 4231 1074 4285 si
1093 4229 1170 4288 duae
1189 4230 1310 4306 virgines

85 4319 324 4387 immolarentur,
343 4323 467 4378 caeteris
486 4321 710 4386 recusantibus,
740 4318 795 4377 bae
814 4338 869 4396 pro
886 4321 984 4384 salute
1002 4323 1123 4397 patriae
1141 4340 1172 4381 se
1190 4320 1310 4381 amove·

86 4420 153 4468 runt
170 4419 224 4468 etr.
245 4409 313 4472 Ant.
325 4409 466 4470 Liberalis
486 4408 604 4492 aisab.
625 4429 662 4474 ex
681 4409 831 4471 Nicandro
850 4419 879 4471 et
900 4413 1035 4474 corinna.
