3266 5250
384 255 464 340 282
714 279 748 337 r.
769 277 894 338 ovum
914 277 1079 340 susoms

298 397 480 486 Nomina
488 397 598 508 feeit
615 424 776 508 aquae3
795 395 847 479 tle
866 425 946 509 quo
964 396 1233 507 Remulusque
1241 395 1459 514 feroxque

299 509 462 596 Acrota
480 526 575 595 sunt
590 509 734 622 geniti.
753 508 946 592 Remulus
963 511 1162 593 maturior
1175 511 1303 594 anuis

300 621 517 708 Fulmineo
529 623 655 734 periit
672 622 855 704 imitator
860 621 1057 730 fulminis
1077 622 1174 705 ictu.

298 739 449 824 Fratre
465 764 541 818 suo
559 751 760 842 sceptrum
780 733 1032 816 moderatior
1047 734 1210 818 Acrota
1218 739 1331 846 forti

300 845 449 930 Tradit
467 848 704 945 Aventino,
723 847 814 958 qui,
833 875 913 950 quo
931 863 1151 958 regnarat,
1171 849 1309 932 eodem
1412 846 1499 936 620

297 959 445 1044 Monte
453 959 571 1072 jacet
583 959 764 1070 positus;
783 959 1000 1071 tribuitque
1022 960 1222 1042 vocabula
1238 963 1381 1043 monti.

294 1071 468 1184 Jamque
493 1071 710 1155 Palatinae
729 1098 928 1153 summam
946 1071 1083 1153 Proca
1098 1075 1236 1182 gentis
1254 1075 1447 1160 ltahebot.

296 1183 406 1296 Rege
423 1185 498 1267 sub
516 1185 595 1267 Ιιοὲ
612 1184 798 1266 Pomona
806 1183 917 1290 fuit,·
935 1212 1019 1293 quo
1036 1183 1154 1264 uulla
1173 1185 1353 1268 Latinas

295 1295 410 1380 Inter
423 1291 750 1407 Hamadryadas
769 1295 897 1380 coluit
914 1293 1282 1410 solertissimos,

341 3907 405 3962 616.
425 3903 468 3963 De
481 3925 539 3984 quo
550 3907 742 3989 Remulusque
762 3911 897 3994 feroxque
916 3917 1032 3978 Acrato.
1048 3921 1117 3978 Post
1140 3913 1325 3997 Tyberiaum,
1340 3921 1504 3998 Agrippam

234 4017 235 4022 ¹
286 3993 413 4070 sylvium
436 4011 606 4070 numerant,
630 4005 762 4076 Tyberim
771 4007 892 4082 filium,
912 4013 962 4086 qui
980 4013 1065 4067 anais
1089 4015 1221 4088 regnauit
1241 4021 1346 4068 tresel
1367 4015 1502 4087 trigintat

288 4085 359 4142 Post
389 4089 550 4166 Agrippam
581 4105 677 4152 autem
696 4099 842 4156 Remulum
866 4101 952 4178 liujus
971 4104 1092 4178 filium,
1111 4123 1192 4182 quem
1221 4114 1317 4160 tamea
1344 4107 1503 4182 Dionysius

286 4175 430 4236 Allediom
451 4195 543 4241 vacat.

341 4275 406 4329 621.
427 4273 597 4352 Tribuitque
622 4279 759 4340 vocabula
790 4286 889 4342 monti.
922 4290 1078 4344 Aventinus
1109 4289 1182 4345 euim
1209 4309 1283 4346 uuus
1313 4309 1351 4347 ex
1379 4291 1502 4348 eottttus

284 4363 391 4422 Romae
409 4367 488 4424 urbis
505 4369 543 4426 ab
562 4372 705 4431 Auentino
724 4395 792 4454 rege
801 4415 812 4444 ,
832 4377 891 4436 illia
910 4381 1023 4457 sepulto
1032 4379 1100 4456 suit
1120 4387 1347 4460 cognominatus.
