3252 5256
376 331 430 416 26
657 403 662 412 .
714 358 749 418 r.
768 358 897 420 ovum
914 355 1081 420 msams

290 475 472 564 Invidia
491 496 656 585 coreat3
675 480 784 562 bona
803 505 881 561 nec
898 505 977 560 sua
995 478 1168 591 quisque
1186 475 1358 562 recuset.
1421 477 1498 592 139

291 588 405 674 Nam
422 620 579 705 genus,
599 608 638 677 ct
651 619 842 703 proavos,
863 605 910 676 et,
921 620 1027 701 quae
1045 620 1129 674 non
1137 592 1324 700 fecimus
1342 591 1438 701 t'psi,

295 701 388 789 Vix
406 733 458 786 ea
476 722 619 788 nostru
638 733 748 790 voco.
769 701 992 803 Sedenim,
1013 706 1113 818 quia
1130 704 1286 785 rettulit
1304 703 1433 818 Ajoe‘

289 813 404 900 Esse
420 817 536 904 Joois
550 845 765 929 pronepos,
784 817 919 898 nostri
935 847 1096 928 quoque
1113 817 1337 930 sanguinis
1349 836 1502 906 auctor

290 927 456 1038 Jupiter
471 948 532 1014 est
545 927 793 1041 totidemque
808 927 971 1042 gradus
988 928 1194 1014 distamus
1212 933 1265 1011 ab
1283 929 1369 1014 illo.

291 1039 404 1124 Nam
422 1044 527 1126 miti
541 1043 715 1128 Laertes
728 1058 854 1154 pater
868 1059 955 1143 est,
976 1045 1179 1127 Arcesius
1197 1044 1282 1141 illi,

290 1152 455 1266 Jupiter
476 1157 598 1240 lzuic:
627 1185 757 1270 neque
786 1157 832 1238 in
860 1155 926 1238 his
953 1158 1173 1269 piusquam
1199 1153 1426 1240 damnatus
1455 1176 1498 1239 et

348 1269 488 1350 exsut.
1422 1269 1501 1380 145

290 1376 378 1463 Est
395 1409 556 1494 quoque
568 1411 647 1493 per
664 1396 837 1465 matrem
859 1379 1077 1488 Cyllenius
1096 1379 1247 1465 addito
1267 1382 1386 1465 nobis

292 1493 444 1576 Altero
461 1496 669 1579 nobilitas.
688 1493 811 1578 Deus
829 1512 891 1577 est
909 1497 955 1578 iu
974 1513 1145 1607 utroque
1158 1511 1343 1605 parente.

291 1603 381 1689 Sed
395 1636 524 1719 neque
542 1627 728 1691 materno
749 1605 864 1721 quoti
880 1636 971 1691 sum
986 1609 1230 1722 generosior
1245 1625 1357 1712 ortu,

289 1715 383 1803 Nec
399 1721 504 1804 mitt
519 1719 634 1835 quod
643 1738 767 1832 pater
781 1737 844 1804 est
850 1723 1038 1830 fraterni
1052 1721 1275 1834 sanguinis
1287 1721 1446 1818 insons,

291 1829 513 1943 Proposito
530 1863 649 1918 ormo
661 1851 773 1946 peto.-
791 1835 946 1920 meritis
964 1827 1189 1945 expendite
1202 1831 1499 1920 caussam.150

339 3619 401 3692 145.
422 3617 587 3676 Damnatus.
611 3618 714 3678 Tacite
723 3619 879 3696 familiam
899 3624 1000 3701 Ajacie
1016 3617 1183 3704 fratricidii
1201 3635 1295 3685 notat.
1315 3631 1510 3693 Peleusetsim

280 3705 407 3763 Pisaeum
416 3706 549 3784 fratrem
569 3706 649 3766 diseo
668 3712 820 3782 interemit,
841 3716 885 3770 uti
903 3716 1011 3773 dictum
1031 3717 1073 3774 ad
1091 3736 1165 3774 cers.
1178 3721 1243 3791 267.
1263 3717 1311 3776 iib.
1325 3743 1367 3778 ss.
1390 3725 1459 3801 quin
1481 3736 1513 3784 et

282 3797 476 3868 Telamonem,
487 3797 578 3872 Jerro
591 3802 620 3856 iu
640 3805 774 3858 cervicem
795 3803 886 3862 Phoci
904 3806 1032 3877 adacto,
1042 3805 1206 3882 fraternae
1225 3811 1324 3867 caedis
1336 3831 1393 3867 non
1414 3819 1514 3874 iason.

280 3899 337 3946 tem
347 3893 450 3965 juisse
473 3895 574 3968 arguit
597 3895 718 3970 Uiyssee
737 3913 805 3952 moe
826 3915 896 3956 cers.
922 3903 985 3972 ¹⁴9·
1005 3909 1086 3956 utet
1116 3910 1327 3958 commentatur
1346 3905 1376 3958 iu
1398 3909 1423 3962 5.
1437 3907 1514 3966 oden

279 3982 452 4042 Nemeorum
474 3984 607 4042 Pindari.

339 4081 402 4151 146.
422 4075 580 4154 Cyllenius.
600 4081 783 4152 Mercurius,
804 4102 824 4138 a
845 4083 963 4158 Cyllene
981 4094 1076 4142 moute
1098 4086 1249 4146 Arcadiae
1280 4089 1330 4146 ubi
1346 4099 1437 4148 natus
1455 4101 1509 4152 eet.

278 4170 413 4228 Anticlea
435 4180 532 4228 autem
556 4171 668 4245 Utyssts
687 4182 779 4231 mater
797 4174 934 4253 Autoiyci
950 4177 1016 4252 filia
1025 4175 1104 4254 suit,
1123 4177 1284 4256 Autolycus
1310 4185 1453 4244 Mercurii
1470 4207 1510 4244 ea

282 4263 392 4320 Chione
412 4261 603 4320 Daedalionis
618 4263 662 4336 fii.
1443 4256 1450 4269 ’

335 4357 399 4456 1ι47.
419 4356 497 4415 Deus
517 4368 560 4418 est
581 4355 611 4417 in
630 4369 751 4438 utroque
783 4369 911 4440 peteme.
931 4363 967 4420 lu
985 4327 1073 4440 patre
1090 4365 1227 4441 tupiter,
1258 4367 1288 4424 iu
1315 4377 1410 4429 matre
1430 4371 1511 4432 Mer-

278 4459 383 4503 curtus.
