3252 5256
377 329 432 414 28
515 331 517 337 ’
717 357 751 416 r.
775 355 902 414 ovum
925 353 1092 418 ussouss

292 471 534 558 Dummodo
551 471 669 586 quod
672 475 833 582 fiutms
848 473 1047 556 Telamon
1061 473 1307 586 Pelleusque
1314 471 1507 582 fuerunt,

294 587 450 701 Ajacis
470 593 657 670 meritum
677 617 757 670 nou
778 588 857 668 sit:
878 615 956 670 uec
975 587 1198 700 sanguinis
1218 583 1346 686 ordo,

295 698 382 784 Sed
397 702 569 782 uirtutis
588 702 717 784 bonos
734 702 882 812 spoliis
906 717 1133 812 quaeratur
1147 701 1193 781 in
1211 701 1318 784 istis.

295 815 388 896 Aut
406 814 447 894 si
457 815 713 925 proximitas
725 816 967 923 primusque
984 815 1210 925 requiritur
1226 814 1397 924 baeres3

294 925 380 1010 Est
397 929 566 1039 genitor
589 929 762 1026 Peleus,
781 943 843 1007 est
863 927 1194 1034 Pyrrbusfilius
1213 927 1290 1009 illi.
1431 921 1504 1010 151

299 1039 408 1150 Quis
428 1039 546 1122 locus
570 1037 945 1152 Ajacithuziam
965 1041 1404 1151 Scyronueferoutur.

296 1152 390 1236 Nec
409 1153 546 1234 minus
565 1169 626 1236 est
645 1155 725 1234 isto
748 1153 911 1236 Teucer
924 1153 1132 1264 patruelis
1150 1152 1336 1238 Achilli.-

296 1263 409 1348 Num
426 1268 531 1374 petit
550 1267 620 1346 ille
638 1283 777 1348 tumen
796 1331 805 1366 ,
826 1294 928 1346 uum
946 1267 986 1348 si
998 1283 1117 1374 petat
1134 1268 1299 1375 auferat
1318 1263 1475 1346 arma?

297 1375 420 1491 Ergo
440 1406 604 1489 operum
625 1380 822 1490 quoniam
842 1377 999 1462 uudum
1018 1397 1227 1462 certamen
1247 1379 1437 1475 babetur,-

299 1489 431 1572 Plura
451 1490 616 1603 quidem
624 1493 745 1599 feci,
766 1521 890 1602 urtam
910 1522 1016 1604 quae
1035 1491 1325 1604 comprendere
1343 1490 1475 1573 dictis

298 1603 352 1684 Iu
365 1620 556 1715 promptu
577 1604 680 1685 mibi
695 1607 777 1692 sit.-
799 1635 930 1686 rerum
951 1622 1088 1688 tamen
1107 1603 1252 1688 ordine
1271 1603 1419 1688 dztcar.

301 1715 502 1800 Praescia
521 1718 681 1802 venturi
694 1720 887 1831 genitrix
906 1717 1062 1804 Nereia
1082 1719 1158 1800 teu·

354 3756 415 3810 156.
436 3749 565 3808 Phthiam
587 3749 666 3807 hoec.
691 3750 746 3806 Ubi
759 3749 908 3804 habitabat
924 3751 1041 3808 Peleus:
1063 3772 1097 3808 eu
1117 3751 1265 3828 portanda
1286 3763 1370 3810 eruut
1390 3755 1466 3812 baec
1482 3777 1532 3814 ar·

293 3863 349 3900 ma·
372 3844 529 3920 Scyronve.
553 3841 608 3899 Ubi
629 3852 688 3898 tum
709 3841 846 3917 Pyrrhus:

353 3941 416 4010 ¹⁵7·
437 3935 586 3995 Petruelie.
610 3939 727 4002 Frater,
738 3935 826 4013 filius
849 3935 1014 3991 Telamonis
1032 3957 1071 3993 ex
1093 3939 1224 4004 Hesione,
1246 3940 1290 3993 uti
1309 3937 1391 4013 Aiax
1409 3957 1451 3995 ex
1471 3945 1534 3997 Eu·

289 4032 371 4088 boea.
388 4035 486 4088 Versu
508 4033 553 4084 31.
574 4047 664 4104 supra
685 4029 772 4084 irater
790 4031 909 4104 ponitur
927 4047 982 4103 pro
1001 4029 1140 4106 pniroete.

353 4129 415 4182 162.
436 4123 576 4182 Praescia.
598 4123 697 4180 Tbetis
728 4122 816 4180 Nerei
826 4123 897 4198 fitia
913 4163 921 4188 ,
940 4141 1004 4178 cum
1028 4141 1066 4178 ex
1090 4124 1195 4178 Proteo
1213 4121 1361 4180 didicisset
1386 4123 1485 4198 fitium
1505 4125 1538 4179 iu

293 4215 424 4290 Trojano
443 4213 625 4289 expeditione
644 4215 837 4278 interiturum,
860 4213 1030 4272 cuituiiium
1054 4213 1185 4270 muliebri
1209 4213 1421 4270 dissimulatum
1438 4219 1532 4289 Lyco·

289 4307 367 4362 medi
386 4309 449 4380 regi
468 4309 519 4378 Scy
527 4305 554 4359 ri
574 4303 818 4360 ins.edueaudum
833 4305 966 4361 tradidit.
997 4307 1088 4379 Quem
1108 4313 1203 4359 tamea
1216 4305 1379 4381 exploravit
1403 4305 1537 4380 Uirsses,

290 4405 320 4452 et
340 4399 409 4470 quia
429 4394 634 4470 insumeret,
649 4395 770 4472 Troiam
789 4400 850 4454 sine
861 4396 913 4452 uto
923 4399 990 4470 copi
1001 4415 1058 4452 aaa
1072 4413 1168 4472 posse,
1179 4393 1386 4470 deprehensum
1405 4397 1448 4454 ad
1462 4399 1537 4456 Tro·

283 4487 389 4561 janum
412 4485 518 4544 bellum
536 4488 697 4562 protraxit.
717 4484 891 4565 Hygiujab.
904 4492 952 4560 9⁶·
963 4489 1077 4544 Statius
1089 4489 1119 4544 ia
1137 4487 1305 4556 Aebiileida
1317 4489 1380 4544 atii.
