3226 5240
406 239 488 350 450
739 265 774 324 ι’.
794 263 921 322 onon
941 259 1107 324 sssoms

323 387 449 474 Victa
461 397 600 495 petent
620 381 836 468 Mutinae:
857 379 1079 464 Pharsalia
1095 382 1242 466 sentiet
1260 383 1404 478 illum,

321 497 620 606 AEmatlrieique
638 496 787 578 iterum
804 492 1039 605 madefacti
1053 491 1181 578 caede
1201 493 1391 605 Philippi
1396 537 1412 594 ;

320 609 384 694 Et
404 611 610 720 Magnum
631 607 786 691 Siculis
804 635 952 692 nomen
970 607 1232 715 superabitur
1247 609 1399 696 unciis.-
1451 607 1535 693 825

320 723 578 830 Romanique
600 717 724 804 duci'.5
741 721 904 834 conjux
922 719 1134 832 AEgyptia
1152 719 1303 804 taedae

317 833 417 920 Non
434 835 535 916 bene
537 829 636 941 fisa
654 829 798 930 cadet;
807 833 1053 941 frustraque
1071 834 1148 914 erit
1166 833 1244 914 illa
1261 833 1447 932 minata,

316 947 524 1030 Servitura
542 971 618 1028 suo
640 941 848 1054 Capitolia
866 959 1009 1027 nostra
1031 941 1211 1055 Canopo.

318 1057 437 1170 Quid
451 1057 528 1140 tibi
543 1057 801 1156 camertem,
818 1072 963 1170 gentes
980 1058 1035 1140 ab
1054 1073 1222 1166 utroque
1251 1056 1431 1142 arentes

314 1173 485 1258 Oceano
503 1167 741 1250 numerem?
753 1167 1027 1282 quodeunque
1045 1088 1268 1253 habitabile
1286 1171 1414 1256 ultis
1440 1171 1528 1258 850

312 1285 515 1381 Sustinet,
533 1281 655 1394 liujus
673 1281 770 1380 erit;
783 1297 937 1392 pontus
955 1309 1118 1393 quoque
1135 1283 1282 1366 serviet
1299 1282 1380 1366 illi.

319 1399 434 1480 Pace
451 1393 558 1478 data
579 1394 711 1491 terris,
732 1395 917 1476 animum
936 1392 997 1478 ad
1014 1394 1157 1478 civilia
1177 1410 1301 1477 vertet

313 1510 420 1596 Jura
437 1535 577 1604 suum,
595 1503 786 1618 legesque
793 1509 905 1617 feret
918 1508 1179 1622 justissimus
1198 1521 1366 1600 auctor,

315 1617 608 1730 Exemploque
625 1646 701 1701 suo
719 1647 850 1702 mores
868 1635 1002 1734 reget.-
1020 1621 1145 1730 inque
1154 1620 1299 1728 futuri

317 1733 531 1840 Temporis
548 1747 725 1812 aetatem
745 1747 1081 1842 venturorumque
1101 1749 1293 1840 nepotum
1446 1727 1530 1815 835

312 1845 598 1953 Prospiciens‚
611 1843 767 1951 prolem
785 1853 937 1928 saneta
954 1842 1008 1927 tle
1025 1843 1205 1958 conjuge
1224 1861 1368 1926 natam

313 1963 443 2048 Ferae
459 1956 588 2036 simul
600 1983 826 2068 nomenque
843 1985 963 2038 suum
982 1984 1185 2068 curasque
1195 1956 1373 2068 jubebit.

313 2071 427 2168 Nec,
446 2069 532 2152 nisi
547 2095 642 2150 cum
660 2072 800 2152 senior
816 2070 971 2152 similes
989 2071 1224 2180 aequauerit
1244 2097 1407 2168 annos,

316 2183 534 2269 AEtlrereas
551 2178 671 2262 sedes
688 2197 950 2293 cognataque
967 2178 1108 2264 sidera
1126 2198 1282 2294 tanget.

318 2295 445 2378 Hanc
461 2295 645 2375 animam
666 2295 824 2379 interea
848 2323 973 2378 caeso
989 2291 1042 2376 de
1060 2323 1230 2404 corpore
1248 2314 1415 2405 raptam
1443 2293 1524 2400 840

321 2411 366 2494 F
362 2433 416 2489 ac
423 2406 571 2517 jubam
590 2421 634 2485 ut
651 2433 809 2516 semper
827 2405 1033 2516 Capitolia
1053 2423 1213 2508 nostra,
1233 2405 1473 2522 Forumque

1602 2553 1603 2604 s

367 3631 432 3686 sas.
461 3629 605 3706 Magnum.
634 3631 741 3687 Sextus
767 3625 868 3704 Pomp.
887 3630 974 3704 filius
1007 3635 1057 3688 cn.
1079 3637 1209 3712 Pompeii
1239 3641 1371 3716 Magni,
1398 3667 1467 3706 eum
1486 3653 1530 3708 aa„

308 3722 462 3796 piraticam
480 3721 667 3788 exercuisset,
687 3717 804 3778 tandem
823 3721 923 3778 navali
941 3741 1038 3800 pugna
1059 3725 1096 3780 ab
1116 3731 1234 3786 Oceano
1253 3733 1347 3790 victus
1368 3739 1529 3813 Mitylen„

306 3809 432 3888 aufugit.
452 3811 576 3886 Appian.
596 3809 644 3866 tit.
664 3816 690 3869 8.
720 3812 794 3868 civii.
814 3811 867 3870 tet.

366 3908 431 3975 827.
461 3901 574 3959 Taedae
593 3921 651 3958 aaa
675 3901 749 3960 beno
769 3902 827 3962 fisa.
847 3905 913 3962 Nan
932 3905 1001 3964 bene
1020 3910 1129 3984 confisa
1147 3914 1255 3985 nuptiis
1273 3917 1377 3974 Marci
1395 3925 1531 3984 Amnis:

302 4012 369 4050 narn
388 4003 417 4050 et
436 4012 568 4070 regnaut,
588 3997 726 4052 civitam
746 3998 853 4056 amisit.

353 4086 422 4143 sas.
451 4084 578 4160 Canopo.
611 4086 745 4160 Canopus
765 4086 832 4143 urbs
857 4089 976 4166 AEgypti
994 4109 1015 4145 a
1037 4095 1155 4168 Canopo
1174 4095 1256 4150 navis
1292 4100 1409 4174 Ulyssis
1427 4110 1528 4180 gaber.
1595 4133 1599 4156 t

303 4183 405 4232 natare
424 4175 637 4249 cognominata.

356 4271 420 4324 836.
449 4263 571 4323 Prolem.
612 4267 755 4326 Tiberium
774 4289 812 4328 ex
830 4273 910 4327 livia
935 4273 1066 4330 Drusilla
1093 4295 1197 4346 uxore,
1218 4277 1272 4335 secl
1292 4284 1421 4358 grauida
1443 4293 1525 4368 impe·

300 4367 379 4420 aare
403 4383 422 4422 a
442 4363 555 4428 Druso,
576 4377 767 4422 successorem
784 4365 906 4425 nominis
925 4374 954 4426 et
971 4369 1090 4444 imperii
1108 4369 1229 4430 creabit.
