3226 5240
428 360 509 460 420
762 373 796 430 t.
817 373 942 432 ovtou
962 371 1123 432 ossoms

345 485 407 572 Et
415 487 510 602 jam
528 487 772 585 mantalam,
791 486 869 570 sed
885 486 988 568 lenti
1004 488 1174 568 viminis
1193 485 1335 573 arbor,

343 599 443 684 Non
459 613 724 709 exspectatas
741 597 870 681 dobm
888 596 1189 681 admirantibus
1208 598 1387 679 umbras.

345 715 437 796 Aut
456 709 751 824 suostumined
770 739 863 794 cum
883 709 984 796 vidit
1006 708 1130 821 Cipus
1148 711 1192 790 in
1213 706 1332 792 undd
1455 703 1515 788 565

350 823 534 920 Cornua,
553 821 680 934 (vidit
696 825 803 906 enim
817 820 836 934 )
844 825 1084 934 falsamque
1102 825 1145 903 iu
1166 823 1351 932 imagine
1368 817 1514 902 credens

345 933 621 1044 Essefidem,
639 932 787 1048 digitis
805 935 868 1018 ad
871 939 1054 1046 frontem
1073 963 1194 1044 saepe
1212 933 1376 1030 relatis,

351 1049 471 1160 Quae
488 1043 610 1148 uidit,
629 1049 786 1160 tetigit:
805 1077 882 1132 nee
889 1048 983 1161 jam
1007 1076 1084 1128 sua
1103 1047 1262 1127 lumina
1280 1043 1478 1125 domums

345 1161 528 1258 Restitit,
548 1177 593 1241 ut
610 1161 741 1244 m'otor
754 1159 910 1243 domito
928 1161 1131 1240 remeabat
1150 1160 1203 1238 ab
1222 1157 1367 1253 isoste,·

346 1270 427 1355 Ad
442 1273 681 1384 caelumque
699 1274 861 1371 oculos,
879 1289 919 1353 et
935 1268 1077 1353 eodem
1096 1269 1268 1352 brachia
1285 1270 1454 1363 tollens,

351 1382 582 1494 Quicquid,
601 1385 678 1477 ait,
697 1384 860 1494 Superi,
879 1397 1060 1466 monstro
1074 1377 1338 1491 portenditur
1353 1382 1450 1468 isto:

344 1495 425 1577 Seu
444 1494 595 1578 hatum
613 1513 693 1593 est;
707 1497 869 1602 patruae
887 1496 1059 1587 laetam,
1072 1492 1306 1602 populoque
1330 1493 1485 1602 Quirini
1488 1534 1497 1590 ,·

346 1607 440 1692 Sive
458 1607 627 1710 minua,
646 1608 750 1690 milri
764 1611 838 1694 sit:
856 1605 1057 1717 viridique
1076 1606 1100 1690 i
1119 1607 1273 1714 cespite
1279 1605 1430 1714 saetas

348 1716 503 1802 Plaoat
521 1717 706 1802 odoratis
724 1720 916 1804 herbosas
932 1719 1099 1831 ignium
1116 1744 1233 1813 oros,

350 1829 541 1940 Wnaque
559 1829 633 1914 dat
646 1834 824 1940 pateris,
843 1845 1195 1941 mactatarumque
1212 1825 1441 1926 bidentum,
1459 1823 1519 1934 575

351 1939 470 2162 guid
485 1944 568 2025 sibi
584 1942 849 2055 significent,
868 1941 1118 2052 trepidantia
1138 1941 1319 2024 consulit
1339 1959 1449 2022 eata.

393 2082 469 2136 uae
487 2057 613 2140 simul
624 2058 809 2166 inspexit
828 2056 1072 2164 Tyrrhenae
1088 2055 1228 2167 gentis
1246 2054 1468 2160 haruspex,-

398 4069 472 4128 rat.
491 4073 545 4128 11.
563 4070 630 4148 Arg.
652 4071 759 4146 Cippus
777 4071 807 4128 in
826 4069 914 4129 unda.
946 4073 1052 4132 Genito
1079 4073 1170 4154 cippo
1194 4073 1320 4132 Pmetoti
1341 4075 1472 4154 punem
1488 4088 1531 4148 por·

340 4169 398 4218 tem
417 4180 542 4240 egresso,
560 4161 590 4219 in
608 4162 699 4240 cupite
718 4162 813 4221 subito
844 4163 932 4224 veluti
950 4183 1059 4224 coruus
1091 4177 1281 4234 emerserant,
1313 4167 1411 4245 inquit
1427 4163 1531 4224 vomu

341 4250 416 4308 Mu.
435 4249 484 4308 lib.
506 4255 531 4309 5.
550 4270 612 4330 etp.
633 4257 660 4308 6.
679 4269 902 4332 responsumque
925 4267 967 4313 ost
1000 4275 1065 4314 eum
1084 4275 1180 4334 regem
1203 4256 1284 4324 iore,
1303 4257 1327 4315 si
1347 4259 1378 4314 ia
1400 4257 1488 4316 orbem
1504 4269 1531 4306 tr

340 4342 485 4408 ”rumh
503 4341 579 4420 qood
597 4359 634 4401 ns
653 4345 813 4414 occideret,
845 4346 1038 4406 voluntarium
1069 4367 1102 4406 ne
1121 4359 1293 4426 perpetuum
1319 4349 1433 4408 sibimet
1452 4341 1527 4403 indixit

340 4433 465 4494 exilium.
