3296 5248
392 234 444 350 98
724 261 759 323 r.
777 261 906 324 ovmn
924 255 1120 322 nusons·
1170 257 1176 264 ·

301 379 425 462 Illius
444 375 632 462 Fortuna
650 377 767 462 Deos
784 407 944 491 quoque
963 389 1151 460 mouerat
1168 399 1335 461 omnes:

301 493 375 574 Sic
393 518 557 583 omues,
576 507 622 571 ut
638 507 679 573 et
695 491 788 602 ipso
805 490 921 576 Jouis
939 489 1179 602 conjuxque
1196 513 1391 596 sororque

298 603 486 688 Eventus
502 603 717 688 Hecubam
733 604 929 685 meruisse
946 600 1164 714 negaverit
1179 596 1289 682 itus.
1406 595 1506 706 -575

353 715 451 800 Non
463 731 586 800 uacet
596 719 800 808 Aurorae,
809 740 1058 828 quamquam
1071 709 1373 817 isdemfuverot
1386 715 1531 816 ormis,

300 826 501 916 Cladibus
517 843 558 908 et
574 856 678 910 casu
696 826 926 941 Troiaeque
943 827 1222 934 Hecubaeque.
1235 824 1389 908 ntoveri

300 941 409 1028 Cure
428 939 567 1022 Deam
579 941 771 1050 propior,
790 941 1006 1050 luctusque
1023 935 1277 1019 domesticus
1293 938 1418 1048 ungit

296 1053 539 1139 Memnonis
556 1054 711 1135 omissi.
741 1051 942 1164 Phrygiis
960 1079 1079 1162 quem
1097 1050 1209 1130 luteo
1227 1049 1390 1159 campis

300 1165 424 1253 Vidit
441 1165 641 1249 Acbilled
654 1179 890 1275 pereuntem
909 1160 1081 1273 cuspide
1099 1177 1240 1243 mater.
1419 1159 1505 1249 580

300 1281 347 1366 V
341 1278 447 1375 idit,·
465 1293 504 1358 et
522 1279 593 1360 ille
611 1277 741 1374 color,
760 1293 843 1390 quo
860 1277 1066 1358 matutino
1083 1275 1306 1356 mtbescunt

296 1393 519 1503 Tempore,
532 1388 754 1503 polluunt:
779 1389 981 1502 latuitque
998 1388 1043 1468 iu
1061 1387 1237 1469 nubibus
1256 1385 1408 1473 oetber.

295 1506 358 1588 At
377 1529 460 1588 non
480 1504 692 1614 impositos
709 1503 911 1612 supremis
928 1501 1096 1615 ignibus
1113 1514 1233 1580 crtus

296 1617 502 1702 Sustinuit
519 1631 707 1728 spectare
719 1633 901 1726 pureum
918 1613 996 1698 sed
1010 1613 1125 1696 crt'rte
1142 1609 1297 1710 subito,

334 3444 402 3498 ra.
421 3443 475 3496 111.
495 3441 563 3518 Arg.
582 3440 648 3498 Non
671 3451 758 3498 uacet
784 3441 926 3498 Aurorae.
950 3442 1085 3497 Memnon
1109 3437 1224 3498 Tithoni
1248 3450 1335 3517 utque
1362 3439 1497 3500 Aurum

277 3529 359 3600 fliius,
383 3551 448 3590 tum
470 3532 500 3588 in
526 3529 601 3589 bollo
624 3533 750 3608 Trojano
772 3531 808 3588 ab
835 3531 945 3588 Achille
970 3529 1070 3588 suisset
1093 3531 1502 3598 interiectus,mttor‚lovem

276 3621 396 3698 ruguit,
414 3621 623 3699 utsliqnoeum
637 3621 765 3680 efficeret
790 3623 907 3679 honore.
927 3622 1059 3700 iuppiter
1081 3634 1179 3679 nutem
1201 3617 1312 3692 seviunt
1331 3619 1392 3697 rogi
1411 3619 1503 3699 ipsius

276 3728 469 3795 congregatas,
487 3719 606 3794 ejusque
629 3719 719 3774 socios
744 3717 773 3772 in
796 3735 862 3772 aves
885 3715 1081 3782 commutavit,
1105 3733 1179 3791 quae
1193 3697 1421 3770 Memuouibesn
1438 3715 1500 3770 Me·

276 3825 382 3862 mnuue
403 3821 519 3864 uocatae
532 3847 542 3874 ,
568 3805 686 3883 singulis
709 3806 869 3882 quibusque
897 3805 981 3862 tuuis
1003 3803 1039 3862 ud
1062 3804 1225 3884 sepulerum
1249 3801 1323 3860 illius
1345 3803 1504 3862 ncritertn·

274 3907 319 3952 tet·
339 3915 369 3954 se
390 3910 549 3975 pugnantes
568 3897 635 3960 duci
654 3915 704 3953 suo
725 3908 874 3974 pereutere
893 3895 1037 3954 videntur.

333 3992 396 4061 57⁶·
416 3993 584 4064 Quanquam
604 3989 703 4048 iisdem
721 3988 830 4064 severat
846 3989 944 4062 ¹ortuis.
968 3990 1093 4064 Propter
1114 3987 1269 4048 Tithonum
1289 3989 1437 4056 moritum,
1450 3985 1501 4062 qui

273 4081 477 4140 Laoutrduntis
487 4083 596 4156 suerat
615 4083 715 4154 filius,
736 4101 773 4138 ac
796 4083 904 4141 Priami
914 4080 1027 4154 frater.

334 4177 399 4244 579.
420 4171 586 4228 Memnonis.
612 4177 700 4246 Quem
721 4167 860 4228 suum'eu
883 4171 1005 4226 Titbono
1015 4169 1126 4246 filium,
1147 4169 1311 4246 AEtbiopum
1332 4186 1439 4244 regem,
1452 4164 1498 4222 uei

273 4266 362 4320 stium
382 4265 564 4330 douu'torem,
587 4269 725 4342 [uanique
744 4285 760 4319 e
778 4268 860 4320 Susis
881 4265 1038 4318 Persarum
1058 4263 1206 4318 advenisse
1226 4281 1290 4319 eum
1310 4263 1407 4320 scribit
1421 4261 1496 4335 Pou-

272 4359 371 4414 sanias
391 4360 420 4412 iu
442 4354 596 4419 Pbeoieis)
616 4358 663 4412 aci·
677 4357 782 4414 beilum
804 4357 964 4433 Troianum
985 4357 1062 4413 misit
1082 4361 1210 4412 Aurora.

606 4502 615 4537 Ι
