3226 5240
392 324 475 423 410
721 337 754 394 r.
779 337 904 402 ovmu
928 336 1091 395 sisoius

312 459 451 548 Vallis
470 453 676 542 Aricinae
698 452 842 537 densis
863 454 963 539 latet
980 454 1123 539 abdita
1141 455 1278 552 siluis;

307 571 440 656 Sacra
470 599 519 651 ue
539 567 733 654 Oresteae
749 568 909 681 gemitu
927 585 1177 680 quaestuque
1196 568 1398 650 Dianae*

311 685 424 795 lmpe
454 685 499 766 it.
519 683 591 766 At
610 681 768 792 quoties
785 679 1006 790 Nymphae
1026 683 1279 790 nemorisque
1298 681 1510 794 lacusque

315 800 383 886 Ne
390 798 580 907 faceret,
599 797 810 892 monuere,
828 808 869 874 et
885 793 1147 878 consolantia
1165 795 1283 877 uerba

316 905 511 998 Dixere!
532 908 587 990 ali
607 908 767 1021 quoties
770 904 905 1021 flenti
920 905 1120 990 Theseius
1139 905 1255 988 locros

315 1025 424 1109 Siste
442 1020 627 1120 modum,
646 1019 783 1106 dixit.-
801 1047 930 1130 neque
947 1019 1054 1100 enim
1063 1018 1240 1127 fortuna
1258 1019 1481 1130 querenda

316 1135 418 1222 Sola
437 1150 605 1216 tuaest.
628 1132 793 1216 Similes
812 1131 987 1212 aliorum
1006 1133 1162 1239 respice
1180 1159 1325 1217 casus:

316 1249 471 1335 Mitius
488 1247 571 1330 ista
579 1246 708 1355 feres.
732 1243 983 1355 Utinamque
1001 1243 1192 1354 exempla
1210 1240 1422 1325 dolentem

317 1360 415 1446 Nou
434 1389 524 1442 mea
543 1375 582 1444 te
594 1374 765 1468 possent
784 1353 983 1440 relevare!
1006 1355 1137 1439 sedet
1156 1385 1246 1436 mea
1258 1373 1456 1466 possunt.

317 1469 470 1560 Fando
497 1471 676 1585 aliquem
701 1468 973 1579 Hippolytum
1000 1486 1156 1556 vestras
1182 1467 1203 1582 (
1214 1465 1359 1578 puto)
1385 1475 1527 1558 conti-

427 1583 492 1698 git
510 1612 651 1684 aures,

320 1695 573 1782 Credulitate
587 1696 742 1806 patris,
762 1693 987 1777 sceleratae
994 1692 1154 1802 fraude
1172 1723 1375 1778 nouercae

320 1809 575 1894 Occubuisse
593 1809 707 1893 neci.-
725 1807 940 1905 mirabere,
959 1806 1112 1918 vixque
1124 1807 1308 1916 probabo
1314 1847 1329 1905 ,-

318 1919 406 2006 Sed
420 1937 556 2004 tamen
575 1921 645 2002 ille
663 1946 742 2031 ego
761 1946 865 2002 sum.
886 1920 960 2005 Me
978 1918 1230 2028 Pasiphaeia
1249 1919 1471 2031 quondam

318 2036 538 2120 Tentatum
546 2033 711 2140 frustra
724 2033 906 2139 patrium
925 2049 1141 2114 temerasse
1159 2033 1296 2114 cubile
1448 2032 1523 2121 501

316 2143 475 2258 (Quod
490 2141 796 2252 volriit,fin.cit
814 2143 1005 2244 voluisse,
1025 2158 1064 2225 et
1083 2145 1254 2228 crimine
1272 2141 1442 2258 verso),

375 3545 440 3615 488.
458 3537 547 3598 valtis
568 3537 708 3598 Aricinos.
729 3541 829 3599 Aricia
848 3541 916 3600 urbs
933 3552 976 3600 est
997 3543 1075 3600 latii
1094 3541 1174 3600 mot
1192 3542 1278 3618 louge
1297 3543 1337 3599 ab
1359 3544 1435 3601 urbe
1453 3549 1533 3602 lton·

318 3635 440 3693 distans.

374 3727 446 3782 rao.
468 3727 538 3782 Vll.
561 3721 629 3801 Arg.
647 3723 753 3782 Fando
772 3727 896 3804 aliquem
915 3728 1114 3803 Hippolytum.
1135 3724 1309 3804 Hippolytus
1330 3744 1403 3785 cum
1426 3739 1537 3806 propter

317 3814 486 3876 noverooloc
506 3817 602 3874 odium
622 3814 718 3894 pulsus
737 3831 810 3876 esset
828 3819 931 3897 petria,
951 3831 981 3876 et
999 3821 1143 3879 Troezene
1165 3816 1419 3896 proficisceretur,
1440 3841 1477 3878 ex
1494 3823 1539 3875 im·

317 3909 431 3986 proviso
452 3909 521 3965 meri
546 3907 635 3966 elatus
654 3920 764 3978 taurus,
783 3909 856 3966 sicut
870 3929 971 3989 persus
983 3921 1153 3988 optaverit,
1171 3907 1368 3986 gravissimum
1390 3911 1420 3966 ei
1441 3909 1540 3966 obiecit

313 4001 459 4060 timorem:
486 4002 582 4077 itaque
601 4003 770 4079 exasperetis
789 4003 885 4078 equis,
917 4003 977 4082 ipse
997 4005 1145 4061 districtus
1166 4001 1284 4059 interiit.
1300 4002 1397 4074 Quem
1419 4001 1539 4062 AEsculi·

307 4095 374 4175 pios
393 4095 502 4152 Dinone
520 4094 683 4160 volontate.
704 4093 877 4171 cujosinitio
897 4097 1112 4165 comesiueret,
1132 4093 1245 4152 reduxit
1263 4093 1300 4150 ed
1324 4115 1458 4174 superos.
1472 4097 1541 4153 Hine

305 4188 340 4246 ab
362 4185 462 4244 cedem
489 4183 541 4241 dee
561 4195 695 4242 evoostus
714 4185 745 4241 ia
763 4203 864 4244 nemus
881 4186 1046 4254 Aricinum,
1066 4185 1268 4245 mortalitatem
1283 4185 1376 4244 exuit.
1396 4189 1538 4245 Conversa

310 4269 408 4353 itaque
432 4277 569 4346 nomine,
589 4277 667 4334 Deos
688 4278 805 4335 Virbius
827 4291 870 4337 est
888 4279 1060 4338 nominatus.
1505 4337 1509 4344 ,

373 4375 438 4430 5οο.
458 4371 622 4450 Pasiphe'ie.
642 4369 779 4430 Phaedra
792 4413 802 4442 ‚
833 4373 998 4450 Pusiplmi's
1016 4383 1045 4432 et
1067 4373 1174 4433 sunau
1193 4372 1293 4454 filia,
1326 4391 1405 4432 uxor
1429 4374 1539 4436 Thesei,

321 4461 474 4539 Hippolyti
491 4481 624 4522 noverca.
