3226 5240
373 273 454 370 400
713 285 745 343 u.
766 285 893 344 ovsou
912 283 1080 344 nssoms

295 404 389 494 Vile
407 400 539 484 solum
557 400 703 508 Sparte
720 415 802 486 est:
820 397 933 480 altae
950 396 1138 482 cecidere
1158 395 1388 506 Mycenae.

291 511 621 622 Oedipodioniae
640 509 745 622 quid
759 528 857 602 sunt
875 509 1121 621 nisifabulo
1142 508 1339 591 Thebae?

294 626 414 741 Quid
428 623 693 712 Pandioniae
711 640 868 706 restant
886 625 972 706 nisi
987 651 1135 704 nomen
1153 621 1384 705 Athenae?
1423 621 1511 728 450

290 741 419 828 Nunc
432 767 591 850 quoque
599 734 864 821 Dardaniam
874 737 997 848 fumo
1010 751 1071 816 est
1084 761 1329 845 consurgere
1338 736 1531 820 Roman.

291 853 665 964 Appenninigenae
685 880 790 960 qaae
803 877 1001 958 proxima
1022 843 1206 929 Tibridis
1225 846 1352 930 undis

291 967 412 1052 Mole
429 967 505 1049 sub
522 963 686 1076 ingenti
702 993 836 1044 rerum
847 959 1109 1069 simulamina
1122 961 1253 1066 ponit.

291 1081 411 1163 Haec
430 1079 562 1190 igitur
566 1076 753 1185 formam
772 1072 997 1158 crescendo
1017 1086 1169 1166 mutat;
1190 1088 1227 1151 et
1248 1072 1349 1153 olim

292 1193 488 1276 Immensi
505 1205 631 1299 caput
651 1189 760 1271 orbis
778 1187 876 1273 erit.-
893 1187 958 1268 sic
976 1182 1115 1266 dicere
1136 1199 1273 1282 uates,
1422 1181 1512 1292 435

291 1304 592 1410 Faticinasque
600 1297 746 1408 ferunt
758 1315 914 1390 sortes.-
961 1312 1210 1405 uantumque
1227 1293 1451 1399 recordor,

295 1414 534 1502 Priamides
557 1413 737 1496 Helenus
749 1411 894 1523 flenti,
914 1327 1119 1519 dubioque
1138 1407 1307 1507 solutio,

291 1529 479 1614 Dixerat
499 1527 678 1624 AEueae,
698 1555 789 1608 cum
810 1553 875 1606 res
897 1521 1085 1634 Trojano
1104 1519 1286 1607 laboret,-

291 1641 404 1728 Nnte
427 1639 544 1737 Deo,
562 1638 602 1722 si
619 1655 718 1720 nota
737 1639 842 1719 sotis
856 1665 1009 1745 praesa
1041 1633 1086 1715 io
1107 1649 1274 1714 nostrae

293 1754 454 1840 Mentis
472 1754 616 1854 habes,
636 1778 721 1834 non
738 1766 826 1832 tota
846 1747 972 1830 cadet
1021 1777 1044 1828 e
1061 1746 1216 1850 sospite
1236 1743 1381 1858 Troja.
1425 1757 1512 1856 440
1548 1763 1552 1767 “

292 1867 486 1952 Flamma
506 1865 583 1947 tibi
587 1863 830 1972 ferrumque
849 1857 1008 1942 dobunt
1027 1859 1124 1943 iter:
1142 1857 1242 1954 ibis,
1260 1873 1299 1936 et
1319 1887 1408 1940 unu

293 1979 500 2090 Pergama
519 1992 639 2087 rupto
649 1974 782 2086 feres:
800 1970 936 2057 donec
959 1975 1000 2058 T
997 1970 1191 2084 rosaeque
1210 1969 1365 2080 tibique

350 3386 422 3442 Fal.
439 3389 477 3446 Γ.
498 3388 565 3462 Arg.
592 3387 675 3444 Nunc
694 3407 806 3465 quoquc
828 3389 1010 3446 Dardaniam
1021 3387 1116 3464 sama
1136 3397 1179 3444 cst
1204 3403 1382 3462 consurgere
1401 3391 1521 3444 Roman

293 3481 457 3537 stallum
480 3479 634 3557 Pompilius
655 3495 769 3560 propter
792 3484 939 3540 scientiam
966 3502 1079 3550 rerum,
1104 3502 1119 3536 0
1141 3479 1246 3558 populo
1276 3479 1409 3536 Romano
1431 3481 1463 3537 in
1483 3499 1522 3536 rc·

294 3591 382 3648 gnum
401 3586 444 3632 cst
463 3586 611 3652 receptus,
631 3577 713 3650 cujus
740 3587 890 3654 praecepto
918 3595 983 3632 cuns
1003 3571 1154 3630 antedictis
1179 3571 1250 3630 hooc
1269 3583 1348 3630 sunt.
1369 3573 1522 3644 Qnoccun·

293 3684 350 3739 que
370 3675 523 3724 noscuntur
542 3667 695 3724 00000οο00
715 3681 744 3725 ct
762 3667 938 3728 senescendo
970 3667 1149 3723 transmutari
1168 3665 1199 3724 in
1223 3661 1378 3722 dissimiles
1395 3667 1524 3743 spodos,

295 3766 325 3811 et
344 3768 408 3832 post
428 3755 538 3813 obitum
558 3756 599 3814 sic
619 3757 765 3826 consumi,
785 3772 819 3814 ut
838 3769 886 3814 sut
908 3755 939 3813 in
961 3768 1062 3814 terram
1083 3755 1187 3812 abeant
1206 3772 1280 3830 quos
1299 3774 1432 3832 corpora
1452 3759 1527 3820 sint,

294 3859 344 3904 ont
364 3847 393 3904 in
414 3853 493 3916 niro,
512 3867 587 3924 quse
606 3847 708 3924 spiritu
728 3849 867 3906 contineri
896 3849 1036 3904 videntur.
1060 3846 1146 3905 l'orro
1172 3846 1300 3904 Helenus
1325 3846 1436 3904 l’rinmi
1455 3846 1524 3902 filios

295 3939 381 3998 refert
400 3943 506 3998 AEncno
527 3939 605 3997 urbis
626 3937 758 3998 conditos
780 3941 961 4016 positionem.

351 4033 416 4101 430.
436 4029 616 4086 Dardanium.
637 4033 665 4088 A
684 4029 846 4087 Dardaniis
863 4030 1009 4086 conditam
1039 4031 1179 4093 Romam,
1198 4046 1286 4103 quom
1303 4026 1395 4084 nituit
1418 4029 1522 4096 Tybris

296 4141 334 4179 cn
353 4124 504 4197 Apennino
524 4122 618 4178 medio
639 4122 797 4197 profluens.

353 4221 417 4272 336.
438 4217 648 4290 Quantumque.
681 4217 840 4272 Fictionem
876 4213 1083 4288 praedictionis
1113 4213 1199 4286 liujus
1233 4211 1368 4286 apposite
1399 4213 1522 4286 imputat

296 4297 463 4387 incuriosi
473 4323 544 4362 suae
564 4304 743 4381 Pytiigoras,
765 4305 814 4381 qui
826 4323 857 4358 se
877 4301 1051 4372 ternporibns
1067 4303 1206 4377 Troianis
1232 4300 1424 4378 Euphorbum
1425 4303 1523 4378 fuisso

298 4399 439 4455 deliravit.
