3252 5256
402 309 429 394 8
735 333 769 398 Ρ.
790 338 917 398 ovlou
943 335 1108 398 sssoms

316 457 469 543 Frater
484 475 592 547 erat:
599 463 797 569 fraterna
809 473 916 566 peto.
940 452 1061 566 Quid
1074 453 1281 566 sanguine
1299 467 1436 536 cretus

316 573 515 682 Sisyphio
530 638 539 671 ‚
547 572 777 683 fastisque,
797 587 836 653 et
843 567 1005 678 fraude
1022 567 1257 650 simillimus
1274 565 1351 648 illi.

226 679 227 686 ἵ
316 687 467 768 Inserit
484 683 683 770 AEaeidis
701 685 863 767 alienae
882 683 1050 764 nomina
1066 676 1240 792 gentis'?

314 803 391 883 An
408 797 581 912 quadiu
599 828 717 881 arma
732 797 864 908 prior,
883 794 1077 906 nulloque
1094 795 1170 876 sub
1189 792 1329 878 indiae
1347 792 1464 886 ueni,

314 917 449 994 Arina
468 909 666 1024 neganda
683 911 786 994 milti
795 911 822 990 Ρ
834 909 1049 1019 potiorque
1067 905 1270 991 uidebitur
1285 907 1377 1008 illa,
1463 901 1518 990 35
1611 987 1612 998 ,

319 1023 478 1106 Ultima
497 1027 572 1136 qui
587 1029 709 1135 oepit,
729 1020 1057 1131 detrectavitque
1067 1021 1213 1131 furore
1611 1031 1612 1124 t

315 1137 521 1219 Militiam
529 1227 535 1243 ¹
538 1136 577 1242 fi
579 1154 645 1220 eto
661 1179 672 1224 .·
689 1135 823 1221 donec
841 1135 1049 1219 sollertior
1063 1135 1165 1236 isto,

317 1246 405 1332 Sed
419 1251 503 1331 sibi
519 1251 739 1334 inutilior*
749 1313 758 1351 ,
778 1245 918 1332 timidi
933 1263 1162 1332 commenta
1181 1245 1334 1328 retexit

314 1360 578 1472 Naupliades
595 1365 746 1466 animi,
765 1363 981 1474 vitataque
1000 1361 1134 1444 traxit
1152 1360 1198 1442 in
1215 1357 1370 1442 arma?

319 1471 487 1580 Optima
505 1504 618 1559 nunc
635 1491 794 1575 sumat,
813 1477 888 1586 qui
903 1503 1059 1558 sumere
1078 1473 1210 1556 noluit
1230 1473 1329 1557 ulla.
1463 1479 1517 1580 4ο

316 1583 410 1667 Nos
428 1587 689 1689 inbonorati,
708 1605 747 1668 et
765 1586 890 1672 donis
902 1587 1160 1697 patruelibus
1179 1587 1281 1685 orbi,

316 1695 551 1784 Obtulimus
568 1702 644 1814 qui
659 1729 736 1786 nos
753 1699 816 1784 ad
825 1702 962 1811 prima
977 1700 1194 1812 pericula,
1212 1699 1353 1784 simus.

361 3631 409 3684 3ι.
425 3629 524 3684 Frater
543 3637 612 3683 eret.
637 3625 783 3682 Patruelis
795 3623 897 3701 frater
915 3627 1039 3684 Aetates
1055 3625 1115 3694 suit
1142 3629 1252 3706 Aiacis.
1277 3629 1353 3688 Nam
1375 3629 1478 3686 Peleus
1498 3641 1527 3687 et

308 3719 447 3775 Telamon
457 3717 575 3793 fratres
584 3715 729 3791 suerunt
742 3714 886 3774 Patrocles
905 3726 1002 3772 autem
1023 3714 1143 3791 fratres
1174 3719 1379 3796 dicunturque·
1396 3738 1412 3774 a
1422 3715 1536 3793 fratri·

303 3808 360 3868 ¹bus
380 3816 549 3866 naseuntur.

363 3906 408 3959 36.
428 3901 669 3978 Detreeteuitqne.
688 3901 806 3976 Ulysses
826 3904 924 3960 uxoris
937 3921 1036 3959 amore
1048 3903 1181 3961 detentus
1201 3907 1332 3962 insaniae
1351 3905 1537 3963 simulatione

305 3995 439 4052 militiam
459 3993 658 4070 subterfugere
677 3995 778 4050 uoluit:
798 3995 867 4050 boue
886 4005 914 4052 et
935 3999 1018 4050 asino
1042 3999 1153 4072 junctis
1173 4007 1280 4054 terram
1305 3999 1467 4070 proscidit,
1487 4017 1535 4054 sa·

305 4089 360 4144 lem
381 4088 459 4142 serit.
473 4085 643 4142 Palamedes
664 4104 730 4142 vero
749 4086 871 4160 Nauplii
879 4086 912 4160 s.
926 4087 1125 4143 Telemachum
1145 4091 1245 4146 aranti
1264 4087 1380 4163 objecit,
1401 4088 1535 4164 adeoque

304 4185 419 4254 patrem
440 4186 574 4230 aratrum
601 4195 688 4252 usque
712 4176 930 4250 suspendentem
956 4178 1112 4233 simulatae
1137 4181 1269 4234 insaniae
1299 4175 1538 4257 depraehensum,

308 4265 350 4323 ad
372 4266 493 4342 Trojam
513 4269 556 4320 ire
576 4283 632 4320 uua
653 4267 782 4340 cogebat.
795 4269 825 4324 V
825 4265 871 4322 ide
886 4269 1002 4322 Lueian.
1013 4268 1050 4324 de
1070 4271 1172 4328 Domo.

368 4361 414 4431 39.
435 4357 617 4437 Naupliades.
637 4359 810 4416 Patamecles
828 4360 950 4433 Nauplii
959 4360 1054 4434 fitius.
1076 4361 1222 4439 Nauplius
1246 4369 1343 4420 autem
1361 4360 1493 4437 Neptuni
1509 4367 1539 4419 et

303 4449 477 4523 Amymones
495 4447 637 4525 nymphae
647 4449 734 4524 filius
753 4453 784 4508 in
808 4450 930 4508 Euboea
949 4453 1089 4528 regnavit.
