3316 5246
372 221 451 330 246
698 249 731 306 r.
751 247 879 308 ovmu
908 243 1071 306 ousouts

286 367 499 461 Dixerat,
527 384 566 447 et
584 365 698 451 saeui
714 382 867 460 restare
879 363 1072 474 pericula
1093 365 1226 470 ponti.

288 479 491 562 Pertimui
502 542 514 574 ,
522 481 691 588 fateor;
709 495 939 587 nactusque
956 478 1035 560 ltoo
1053 475 1169 558 littus
1187 473 1379 558 adhaesi.
1412 482 1496 582 440

345 597 535 682 Finierat
553 592 805 678 Macareus.-
824 594 1015 702 ternaque
1034 589 1189 674 AEnein
1207 590 1358 670 nutrix

292 705 471 790 Condita
491 709 745 809 marmoren,
766 704 922 787 tumulo
940 705 1054 787 breue
1073 730 1240 786 carmen
1258 701 1464 786 habebat:

288 821 457 902 Hieme
480 818 648 931 Cajeten
667 833 788 900 notae
802 817 975 928 pietatis
993 817 1187 898 alumnus
1229 885 1232 893 .
1341 855 1345 900 ε
1405 888 1409 896 ,

287 931 488 1041 Ereptum
508 931 740 1042 Argolico,
760 959 840 1041 quo
859 929 1000 1010 debuit
1018 930 1117 1042 igne
1133 993 1143 1027 ,
1162 925 1368 1010 cremarit.

287 1046 477 1128 Solvitur
493 1045 661 1126 herboso
689 1044 890 1155 religatus
909 1043 962 1122 ab
981 1070 1136 1154 aggere
1145 1041 1291 1147 funis.-
1415 1037 1502 1147 445

286 1157 349 1242 Et
362 1158 515 1268 procul
530 1155 736 1254 insidias,
755 1156 1062 1265 infamataeque
1081 1155 1331 1263 relinquunt.

288 1273 332 1355 T
326 1288 419 1355 eeta
439 1271 583 1369 Deae,
603 1270 800 1381 lucosque
813 1282 986 1376 petunt,
1007 1265 1261 1348 ubi-nubilus
1281 1264 1432 1346 umbra⁴

287 1386 339 1466 In
358 1413 468 1462 mare
487 1411 581 1464 eum
595 1381 724 1496 flaua'
740 1381 970 1491 prorumpit
992 1379 1134 1464 Tibris
1153 1383 1295 1459 arena‘:

287 1495 576 1604 Faunigenae(
590 1525 640 1574 ue
658 1493 782 1576 dunzo
795 1494 958 1602 potitur
974 1495 1155 1602 nouique
1175 1489 1322 1574 Latini
1326 1527 1340 1584 ;

287 1607 385 1691 Non
403 1607 493 1690 sine
513 1524 656 1690 Mirrte
674 1623 828 1706 tamen,
848 1607 998 1689 bellum
1019 1632 1114 1688 cum
1130 1620 1254 1714 gente
1263 1601 1405 1710 feroci
1413 1597 1504 1708 450

337 3535 410 3591 Folr.
435 3536 470 3589 X.
492 3537 557 3610 Arg.
580 3535 709 3592 Finierat
729 3537 898 3590 Macareus.
926 3545 983 3590 etc.
1002 3532 1060 3588 Nec
1083 3533 1173 3588 minus
1194 3529 1281 3588 refert
1303 3533 1447 3587 Macareus
1469 3527 1512 3583 in-

282 3622 429 3681 solentium
451 3625 588 3682 sociatum
609 3647 672 3701 ergo
692 3628 844 3683 Venerem.
874 3627 947 3681 Cum
968 3625 1071 3680 AEnens
1097 3621 1230 3679 adversus
1251 3621 1372 3678 llutulos
1389 3641 1441 3700 pro
1463 3622 1516 3675 lm·

283 3719 344 3774 tion
363 3719 530 3775 dimicantes
549 3719 586 3774 ul»
606 3718 737 3775 Evandro
761 3717 895 3774 auxilium
928 3719 1066 3794 petissem
1084 3729 1113 3773 et
1132 3715 1371 3792 quemadmodum
1401 3716 1518 3769 Turnus

283 3808 399 3866 Venulo
418 3809 537 3886 legato:
561 3809 694 3866 Diomede
713 3812 782 3866 item
802 3809 940 3866 auxilium
961 3809 1148 3887 postulasset,
1167 3812 1215 3885 qui
1229 3809 1283 3866 sub
1303 3810 1407 3866 Dauno
1425 3807 1516 3882 lapy-

286 3900 346 3977 gise
366 3901 423 3978 regi
444 3901 618 3958 domicilium
638 3902 795 3978 posuisset,
815 3900 863 3976 qui
879 3901 907 3957 id
921 3919 951 3958 se
972 3901 1112 3958 lucturum
1134 3911 1287 3976 negasset,
1306 3919 1341 3956 eo
1361 3895 1440 3973 quud
1461 3916 1514 3973 pro

284 3991 373 4047 AEnen
393 3991 526 4048 adversos
545 3992 688 4048 Venerem
706 3993 846 4060 stetisset,
877 3990 1115 4067 vulneratumque
1136 4011 1150 4046 n
1173 4011 1202 4048 se
1222 3989 1365 4068 inimicam
1377 3987 1522 4068 ¹luberet.

287 4083 322 4138 Et
342 4096 373 4137 ut
386 4084 507 4156 *cotnites
526 4086 587 4160 ejus
607 4081 780 4160 contemptis
801 4085 878 4142 Dese
899 4085 1049 4160 cupientes
1069 4081 1209 4160 proficisci
1224 4082 1253 4137 io
1273 4079 1423 4136 bellumin
1447 4075 1521 4134 meri

287 4174 434 4232 volucrum
455 4175 541 4252 ligura
560 4175 675 4253 decepti
697 4174 897 4234 substiterunt.
918 4177 1023 4234 Eorum
1048 4174 1162 4232 nuntios
1183 4173 1254 4230 ltuee
1275 4173 1520 4249 suut,'Agmon,

286 4269 382 4345 Lycus
392 4309 401 4337 ,
420 4269 484 4326 ldes'
494 4309 504 4338 ,
524 4267 688 4341 Rheunos,
720 4269 868 4346 Nycteus,
898 4287 973 4345 quae
1003 4265 1132 4329 volucres
1152 4266 1210 4324 albi
1242 4264 1346 4327 coloris
1365 4275 1398 4322 ut
1430 4259 1522 4340 cygni

291 4373 393 4420 esseut.
