3266 5250
382 263 386 274 ·
432 228 516 318 338
778 253 1146 316 retinuissetis

348 378 488 494 Hujus
504 402 624 459 amor
637 401 764 457 curae
778 435 789 474 ,
801 375 950 481 patrici
972 371 1226 486 Curibusque
1243 374 1425 478 relictis,

350 493 491 590 Fecit,
511 505 554 572 ut
574 485 774 570 Herculei
783 501 1014 595 penetraret
1032 484 1094 569 ad
1110 489 1284 599 hospitis
1302 488 1453 574 urbem.

353 602 489 716 Groja
508 603 603 712 quis
621 589 788 682 Italicis
805 615 956 682 auctor
965 601 1173 708 posuisset
1190 604 1236 683 in
1256 607 1341 687 oris

352 714 529 804 Moenia
549 713 782 826 quaerenti,
803 711 869 794 sie
886 714 909 796 ὁ
927 713 1157 796 senioribus
1175 743 1283 797 nnus
1513 749 1549 804 ιο

353 827 524 916 Rettulit
542 825 781 938 indigenis,
800 825 943 908 veteris
962 853 1046 907 non
1063 827 1223 910 inscius
1240 830 1346 914 aevi:

356 943 488 1028 Dives
507 940 560 1021 ab
581 939 751 1022 Oceano
768 938 899 1020 bubus
916 936 1017 1022 Jove
1035 956 1160 1021 notus
1178 941 1306 1024 Iberis
1586 1013 1587 1016 γ

356 1055 519 1141 Littera
531 1051 660 1162 felici
676 1052 855 1136 tenuisse
875 1049 1055 1134 Lacinia
1074 1080 1197 1134 ertrsn
1585 1028 1588 1140 i

357 1167 531 1265 Fertur,
550 1181 609 1264 et,
626 1180 810 1246 armento
828 1179 990 1244 teneros
1006 1181 1168 1274 errante
1182 1193 1258 1273 per
1272 1165 1450 1268 herbas,

358 1282 452 1392 Ipse
470 1276 636 1361 domum
653 1277 801 1388 magni
815 1304 893 1357 nec
910 1275 1118 1381 inhospita
1136 1294 1246 1359 teoto
1269 1275 1465 1367 Crotonis

358 1393 567 1489 Intrasse,
585 1407 624 1472 et
642 1391 780 1496 requie
797 1386 968 1500 longum
986 1389 1186 1472 relevasse
1203 1391 1402 1490 laborem;
1509 1394 1548 1478 1b'

360 1505 502 1618 Atque
520 1503 581 1587 ita
598 1498 844 1598 discedens,
863 1500 988 1594 AEvo,
1005 1499 1196 1595 dr'scisse,
1214 1520 1402 1614 nepotum
1590 1552 1592 1666 q

360 1619 447 1702 Hie
463 1617 580 1700 loeus
598 1615 710 1696 urbis
726 1615 802 1697 erit
813 1653 827 1711 ,·
839 1614 1124 1722 promissaque
1141 1642 1244 1696 vera
1251 1617 1437 1724 fuerunt.

360 1729 573 1836 Namfuit
590 1725 797 1834 Argolico
812 1740 1034 1836 generatus
1052 1725 1254 1810 Alemone
1272 1729 1443 1838 quidam

361 1841 605 1956 Myscelos,
623 1837 738 1922 illius
755 1838 842 1921 Dts
859 1837 1172 1947 acceptissimus
1187 1841 1299 1926 aevi.

411 3925 437 3979 7·
456 3907 644 3986 Curibusque.
681 3916 771 3970 Cures
800 3915 1016 3989 opulentissima
1036 3915 1105 3991 snit
1134 3917 1306 3974 Sabinorum
1331 3915 1417 3975 urbs:
1444 3937 1483 3976 rx
1506 3935 1557 3992 qua

352 3999 463 4054 evomi
480 4009 547 4056 sunt
568 4003 602 4056 T.
623 4003 746 4071 Tatius,
766 4014 795 4060 rt
814 4005 911 4062 Numa
939 4007 1104 4081 Pompilus,
1130 4025 1223 4086 reges:
1249 4008 1325 4066 unde
1353 4007 1555 4080 110ωηίρυί-

352 4085 420 4145 riter
428 4086 522 4161 suere
538 4097 743 4168 cognominati.

411 4180 454 4236 13.
471 4179 579 4239 Littera
597 4183 721 4244 [artinis.
743 4187 973 4244 Promontoriurn
993 4188 1102 4244 Italiae
1121 4191 1196 4246 inter
1228 4189 1411 4246 Adriaticum
1431 4207 1512 4246 nrare
1529 4191 1553 4240 rt

348 4269 473 4324 Ionium:
493 4270 522 4325 in
541 4289 576 4329 ro
595 4275 728 4350 templum
738 4275 805 4351 suit
825 4279 946 4338 lunonis
973 4281 1119 4336 Laciniae.
1144 4277 1227 4337 Unde
1258 4279 1426 4357 Virgilius,
1446 4275 1554 4339 Attollit

347 4381 377 4421 se
397 4363 468 4423 Diva
491 4364 603 4426 Lreinir
623 4379 731 4426 contra.
