3266 5250
443 326 524 437 370
777 353 812 412 2.
831 351 959 412 ovmn
976 349 1139 413 ossouts
1247 339 1251 348 '

349 475 518 575 Noluit,
537 479 638 586 tque
658 471 781 558 domo
800 500 956 559 vacuas
973 473 1108 556 emisit
1126 473 1171 554 in
1188 501 1327 556 auras.
1474 503 1537 560 220

347 588 509 676 Editus
526 586 572 667 iu
592 586 723 672 lucem
731 585 875 701 jacuit
892 585 983 667 sine
998 585 1147 668 viribus
1165 587 1329 693 infans:

347 703 464 788 Mooe
483 696 734 810 quadrupes,
753 699 915 808 rituque
932 697 1028 778 tulit
1044 726 1122 779 sna
1140 699 1315 779 membra
1323 698 1518 804 ferarum,

351 811 662 922 Paullatimque
680 827 879 909 tremens,
899 827 938 889 et
955 808 1138 891 nondum
1151 811 1309 920 poplite
1314 808 1455 918 firmo

352 923 567 1023 Constitit,
586 921 747 1038 oclJ'utis
764 923 908 1033 aliquo
926 924 1144 1004 conamine
1164 923 1319 1005 nervis.

345 1036 453 1124 Inde
470 1033 611 1120 salens
627 1036 838 1146 veloxque
847 1036 953 1142 fuit;
973 1036 1231 1145 spatiumque
1239 1034 1450 1146 juventae
1476 1033 1539 1119 225

348 1149 545 1247 Transit,
563 1162 602 1230 et
620 1150 799 1230 emeritis
815 1145 944 1228 medii
989 1176 1119 1258 uoque
1137 1164 1329 1257 tempores
1347 1149 1493 1248 annis,

346 1262 525 1350 Labitur
541 1258 744 1344 occiduae
757 1288 835 1371 per
849 1260 929 1340 iter
944 1175 1101 1343 ieelim
1119 1274 1319 1342 senectae.

348 1374 516 1460 Subruit
535 1371 639 1456 haec
656 1374 749 1457 aevi
764 1371 1062 1484 demoliturque
1074 1372 1228 1482 prioris

347 1488 508 1574 Robom
521 1482 703 1599 ;fletque
723 1485 864 1569 Milon
881 1485 1038 1587 senior,
1057 1513 1151 1569 cum
1169 1498 1329 1592 spectat
1348 1482 1496 1570 innuet

346 1601 464 1698 Illos,
483 1597 737 1710 quisuerant
755 1595 981 1681 solidorum
1000 1597 1105 1678 mole
1123 1613 1303 1680 tororum
1478 1595 1539 1682 230

342 1710 565 1800 Herculeis
582 1711 749 1809 similes,
753 1707 923 1826 flut'dos
934 1707 1115 1818 pendere
1133 1709 1323 1794 lacertos.

346 1825 443 1914 Flet
461 1849 638 1933 quoque,
658 1837 702 1905 ut
719 1824 768 1906 iu
782 1819 950 1930 speculo
968 1848 1100 1934 rugas
1117 1821 1286 1932 aspexit
1304 1819 1469 1916 aniles,

400 3921 464 3978 ²²9·
482 3900 602 3979 Fletqoe
627 3899 725 3961 Milon.
749 3904 866 3964 Atlsleta
880 3903 949 3980 suit
982 3909 1152 3966 Crotonieta
1180 3911 1270 3968 tantis
1295 3914 1426 3986 utribus,
1455 3925 1484 3972 nt
1504 3927 1542 3969 su
1590 3881 1591 3950 i

341 3997 401 4054 ictu
418 3993 516 4056 nudae
533 3993 656 4054 destrae
676 4003 791 4052 taurum
803 3995 981 4074 interfecisse
999 3996 1147 4067 tradatur,
1167 4001 1346 4080 humerisque
1366 4026 1423 4080 per
1436 4007 1539 4064 stalis»

340 4087 402 4144 sine
411 4083 598 4162 fatigatione
615 4092 756 4160 portasse.
781 4087 850 4144 Milo
868 4085 971 4146 senior.
982 4091 1054 4164 Qui,
1073 4109 1138 4147 cum
1152 4090 1217 4168 jam
1236 4111 1325 4150 senex
1350 4106 1451 4166 esset,
1470 4093 1539 4170 isqsl

343 4180 492 4236 Cicereio
513 4180 637 4244 Catane.
658 4179 819 4257 videretque
839 4181 964 4239 athletas
989 4202 1021 4240 se
1045 4195 1229 4254 exercentes,
1259 4193 1414 4264 aspexisse
1438 4191 1540 4246 lacertos
1590 4237 1591 4240 ,

342 4287 410 4328 suos
433 4271 557 4335 dieitur,
582 4269 824 4349 illacrymansque
854 4272 980 4342 elicisse,
1011 4278 1051 4332 At
1075 4277 1104 4333 lsi
1137 4277 1250 4355 quidem
1263 4278 1330 4356 jam
1360 4283 1472 4340 mertui
1487 4283 1540 4337 em

346 4363 441 4439 Huius
460 4359 649 4420 miserabilem
668 4365 778 4422 exitum
808 4361 899 4438 refert
922 4367 1087 4426 Pausanias
1117 4369 1147 4425 io
1182 4371 1309 4430 coriatis.
1334 4371 1542 4452 passagenos

350 4455 398 4516 lib.
422 4455 463 4512 15.
484 4451 676 4531 cap.16.als't'.
1590 4469 1591 4501 t
