3266 5250
394 273 478 382 544
727 294 765 369 Ρ,
782 291 911 352 ouon
938 289 1102 349 ursonis

313 412 720 539 Amphitryoniadae
734 453 747 513 ;
765 414 974 524 ventisque
982 408 1224 519 fauentibus
1241 433 1399 516 aequor

311 538 499 652 Navigat
516 531 699 617 Ionium:
717 522 1175 632 Lacedaemoniumque
1198 521 1424 602 Tarentum
1468 515 1520 602 50

313 648 539 746 Praeterit,
558 659 598 727 et
615 640 824 750 Sybarin,
843 636 1181 744 Salentinumque
1198 629 1454 725 Neaetbum,

314 764 603 871 Thurinosque
620 753 758 851 sinus,
778 751 1073 862 Temesenque,
1091 762 1131 828 et
1148 745 1329 856 Iapygis
1346 773 1477 828 arva.

317 879 487 989 Vixque
500 867 722 983 pererratis
741 894 846 978 quoe
864 876 1053 972 spectant
1071 859 1212 942 littora
1230 859 1377 957 terris,

313 987 482 1076 Invenit
499 973 1044 1089 AEsareifataliastuminis
1062 1001 1156 1058 oro:

312 1103 406 1188 Nec
413 1095 666 1213 proculbinc
679 1091 892 1189 tumulum,
903 1089 1245 1200 subquosacrota
1262 1077 1522 1168 Crotonis55

316 1215 427 1299 Ossa
445 1211 607 1323 tegebat
625 1207 774 1287 burnus
786 1241 799 1302 ;
806 1202 1011 1316 jussa‘que
1029 1201 1090 1282 ibi
1105 1198 1267 1282 moertia
1286 1199 1402 1280 terrd

318 1322 535 1422 Condimu
553 1336 593 1404 et
611 1345 757 1400 nomeu
775 1315 970 1398 rumano·
984 1312 1120 1394 traxit
1137 1313 1182 1394 in
1201 1310 1351 1392 urbem

317 1438 445 1524 Talia
463 1433 682 1518 constabat
699 1431 818 1514 certd
828 1424 1060 1536 primordio
1068 1423 1195 1532 famei

314 1549 427 1635 Esse
444 1547 545 1654 loci.
558 1544 800 1655 positaeque
818 1540 941 1622 Italis
959 1543 1004 1622 in
1011 1536 1182 1647 finibus
1200 1534 1324 1616 urbis.

373 1661 453 1750 Vir
457 1659 549 1770 fuit
565 1659 635 1741 bic
653 1671 745 1739 ortu
763 1653 952 1738 Samius:
970 1648 1232 1760 sedfugerot
1249 1651 1335 1730 unit
1468 1645 1522 1732 60

316 1772 378 1860 Et
395 1773 550 1860 Samon
569 1785 609 1856 et
627 1766 838 1862 dominos;
858 1760 1036 1873 odioque
1053 1756 1296 1873 tyrannidis
1313 1785 1424 1840 casu

361 2557 404 2616 So.
423 2553 745 2628 Lacedaemoniumque.
765 2551 792 2608 A
812 2549 961 2608 Phalanto
981 2553 1095 2606 Lacone
1114 2549 1272 2608 conditum.

364 2648 408 2704 δι.
438 2645 578 2722 Sybarim.
613 2641 718 2700 Urbem
754 2659 881 2718 magnae
911 2643 1078 2706 Graeciae,
1108 2651 1214 2718 postea
1242 2641 1382 2698 Titurium
1415 2639 1533 2698 dictare.

305 2737 473 2798 Neaethum.
492 2738 628 2794 Flauium
646 2738 677 2792 in
695 2733 869 2792 salentinis.

363 2832 408 2892 bo.
426 2829 550 2908 iapygia.
570 2827 801 2886 Promontoriunt
819 2825 989 2903 iapygiam.
1014 2823 1215 2902 Thurinosque
1235 2823 1325 2885 aione.
1345 2825 1453 2883 Titurii
1471 2825 1534 2882 urbs
1609 2901 1610 2914 χ

306 2929 350 2978 est
370 2922 540 2990 Calabriae,
560 2937 636 2998 quae
665 2927 695 2976 ei
726 2918 836 2976 Titurio
863 2927 891 2974 et
918 2917 1046 2975 Titarion
1072 2917 1154 2974 dicta
1180 2927 1242 2990 est,
1261 2941 1282 2976 a
1306 2916 1418 2976 thun-
1430 2917 1534 2993 sante.

307 3009 510 3088 Temelenqoe.
533 3011 650 3068 Temese
672 3011 740 3068 urbs
759 3017 802 3066 ert
825 3007 998 3064 Calabriae.
1609 2999 1610 3054 l

371 3103 420 3174 ⁵7·
435 3101 471 3157 tu
490 3119 593 3157 nomen
613 3097 748 3158 tumulati
768 3097 855 3157 traxit
875 3099 903 3154 in
924 3098 1036 3156 urbem.
1055 3097 1132 3156 Nam
1153 3102 1243 3156 Croto
1259 3119 1281 3154 a
1302 3101 1431 3155 Crotone
1451 3098 1536 3154 berar

302 3193 372 3272 suit
391 3191 488 3261 dicta,
508 3191 583 3248 unde
604 3193 793 3249 Crotoniatae
811 3189 1009 3248 declinantur.

372 3283 445 3340 nat.
465 3285 505 3340 ll.
527 3285 593 3360 Arg.
614 3283 670 3341 Vir
691 3281 754 3356 snit
778 3283 823 3339 bic
850 3292 929 3340 ortu.
946 3281 1123 3361 Pythegorae
1148 3281 1259 3341 Sentius
1286 3283 1472 3358 tyrannidem
1497 3283 1539 3340 lu·

313 3375 411 3454 piene,
437 3393 502 3432 carn
530 3375 649 3451 patriani
676 3373 906 3452 reliquisset‚.io
927 3375 1039 3432 ltaliam
1065 3375 1157 3442 venit,
1182 3387 1212 3432 et
1238 3393 1312 3450 qnae
1332 3373 1477 3434 didicerat
1506 3375 1537 3431 dr
1609 3397 1610 3470 q

315 3485 410 3525 rerum
430 3477 545 3534 natura,
571 3465 727 3542 mundique
753 3465 788 3523 ad
819 3465 936 3522 modurn
956 3464 1044 3524 seculi
1064 3467 1141 3524 aurei
1158 3509 1167 3536 ,
1185 3465 1283 3534 donet,
1302 3465 1337 3523 ad
1359 3486 1430 3524 neue
1450 3480 1538 3525 ten-ae

318 3558 492 3618 necemrioe
517 3570 621 3616 cancta
646 3557 801 3638 praebente
832 3570 922 3626 terra,
947 3557 1025 3616 ateias
1050 3577 1112 3616 csse
1145 3558 1316 3617 animalibus
1341 3560 1439 3631 vesci,
1464 3557 1538 3635 qnod
1609 3561 1610 3570 ’

317 3663 412 3710 essent
431 3651 461 3708 in
481 3651 522 3710 eit
540 3651 614 3710 l'nrte
634 3651 861 3730 consanguineae
873 3651 983 3708 animae
997 3651 1181 3720 mortalium,
1199 3663 1229 3708 et
1241 3650 1348 3727 quode
1368 3655 1536 3732 corporibus

318 3743 348 3803 io
367 3763 484 3822 corpora
517 3744 625 3802 anirnae
652 3743 930 3802 transfunderentur.
961 3743 1062 3801 Postea
1095 3743 1179 3802 donet
1203 3743 1279 3801 unde
1310 3743 1533 3805 occidendorum
1564 3773 1567 3788 =

317 3835 479 3894 animalium
499 3856 567 3896 unua
586 3838 708 3916 primunr
727 3837 885 3894 inoleverit.
906 3837 976 3894 Nam
1002 3837 1138 3915 prolatim
1159 3855 1325 3894 eoncessum
1346 3849 1408 3908 est,
1430 3852 1464 3898 ot
1484 3859 1538 3896 ota·

321 3925 418 3986 letinae
437 3929 515 3987 letae
532 3929 604 3988 dolio
623 3930 798 4009 interceptae
817 3929 1037 3996 occiderentur,
1056 3942 1084 3987 et
1104 3942 1311 3988 mansuetorum
1332 3929 1450 4001 foetus,
1469 3947 1537 3993 enee.

320 4019 400 4096 quod
420 4021 513 4098 trugas
534 4034 608 4080 satas
634 4035 777 4080 eruerent.
809 4022 880 4080 ltern
901 4021 978 4101 capri
997 4021 1073 4099 quod
1094 4023 1180 4081 vitem
1199 4034 1340 4080 maturant
1360 4040 1541 4102 praecerpere
1609 4019 1610 4054 ¹

318 4113 519 4184 eunevionnnt,
535 4135 572 4172 ne
592 4115 702 4178 inactus
722 4125 873 4174 cresceret.

374 4209 419 4260 60.
438 4204 490 4261 Vir
509 4205 563 4262 luit
582 4203 629 4262 lric
648 4217 713 4264 ortu
733 4205 853 4264 Samius.
884 4205 1071 4280 Peripbrasie
1098 4213 1142 4262 est
1167 4205 1375 4281 Pythagoran
1395 4224 1465 4262 nam
1486 4207 1539 4279 Py·
1609 4249 1610 4272 q

321 4293 461 4370 tlrogoras
480 4299 598 4353 Samius
608 4295 696 4370 suit,
717 4299 766 4374 qui
785 4295 855 4353 odio
878 4305 1068 4371 tyrannorum
1094 4297 1223 4372 patriam
1244 4296 1425 4372 relinquens,
1449 4299 1539 4352 Croto·
1609 4359 1610 4362 Ἴ

318 4405 381 4444 aem
401 4385 485 4456 uenit,
506 4388 553 4444 ubi
570 4387 786 4464 pbilosoplu'am
806 4389 938 4468 profiteri
956 4391 1060 4462 caepit.
