3252 5256
343 267 398 376 46
680 297 714 354 P.
735 298 863 356 ovum
893 295 1056 354 uisurus

260 412 322 498 Et
344 411 555 523 Charopem
568 477 576 508 ,
586 405 778 524 fatisque
796 416 1021 495 immitibus
1042 410 1267 494 Ennomon
1286 430 1453 524 actum3

264 529 429 640 Quique
447 527 583 608 minus
601 528 779 609 celebres
801 532 947 610 uostru‘
966 529 1041 610 sub
1060 525 1271 608 moenibus
1291 529 1405 611 urbis

260 641 520 724 Procubuire
538 669 680 725 maun:
697 657 793 722 sum
812 656 851 721 et
870 641 974 721 mint
993 638 1192 731 urtlneru,
1211 639 1357 730 ciues,

263 757 360 864 ipso
377 753 556 862 pulchra
575 752 688 851 loco,
708 782 784 836 nec
802 755 930 834 uronis
949 751 1106 836 credite
1124 753 1265 832 verbis.

261 865 454 975 Aspicite
472 894 522 946 en
537 862 795 977 (vestemque
814 895 941 948 mnnu
959 859 1178 975 deducit),
1199 879 1239 946 et
1252 866 1357 948 hoec
1378 881 1484 948 suut

264 981 443 1062 Pectora
460 1005 635 1087 semper,
654 981 732 1072 cit,
752 980 895 1062 uestris
914 981 1104 1062 exercita
1124 979 1253 1060 rebus.
1394 973 1479 1062 265

266 1093 331 1176 At
350 1090 462 1173 nihil
476 1090 676 1200 impendit
689 1120 767 1199 per
783 1109 843 1174 tot
866 1091 1134 1178 Telamonius
1152 1117 1286 1176 annos

270 1207 355 1290 Son
392 1203 504 1288 uinis
522 1205 567 1286 in
579 1207 718 1288 socios
732 1246 744 1290 .·
760 1221 801 1285 et
820 1205 939 1286 hebet
958 1205 1047 1285 sine
1066 1203 1228 1287 vulnere
1246 1229 1408 1309 corpus.

267 1234 389 1431 Quid
401 1332 538 1397 tumen
555 1317 634 1400 ltoc
651 1316 788 1424 refert,
807 1319 848 1400 si
863 1346 907 1398 se
919 1344 998 1424 pro
1017 1318 1154 1402 classe
1172 1313 1360 1428 Pelasga'

263 1431 400 1515 Arma
413 1429 557 1513 tulisse
573 1432 697 1540 refert
716 1446 863 1512 contra
882 1429 1095 1539 Troasque
1112 1425 1369 1538 lovemque?

270 1539 585 1654 Gtufiteorque,
603 1541 712 1624 tulit:
733 1543 989 1653 nequeenim
1009 1541 1227 1648 benefacto
1245 1540 1433 1654 maligne

263 1655 508 1742 Detmctom
525 1683 656 1738 meum
676 1670 761 1757 est,
781 1653 859 1738 sed
874 1685 952 1739 nec
973 1654 1209 1738 communia
1228 1654 1343 1738 solus
1389 1680 1469 1768 ²7¹

321 3677 386 3748 2⁶7.
405 3674 441 3730 lt
459 3669 546 3729 habet
561 3671 623 3730 nine
636 3673 754 3732 vulnere
766 3695 879 3755 corpus.
890 3670 1147 3750 Hebentsahulae,
1160 3669 1311 3728 Herculem
1330 3665 1497 3743 aliquando
1615 3743 1616 3750 ἵ

262 3761 438 3820 Salaminem
458 3763 569 3820 veniue
592 3761 635 3819 ad
655 3767 860 3832 Telamonem,
880 3767 974 3843 ibique
994 3783 1058 3821 cum
1078 3763 1200 3838 Ajacem
1226 3759 1324 3815 adime
1346 3759 1492 3832 insontem

263 3854 464 3928 conspexisset,
478 3851 698 3911 circumdedisse
708 3855 751 3912 ilii
758 3871 811 3921 την
836 3848 1044 3922 leotnuumm,
1062 3863 1276 3929 precatumque,
1298 3859 1330 3905 ut
1343 3869 1402 3926 qua
1420 3865 1496 3922 puer
1615 3823 1616 3866 5

261 3943 318 4002 illa
338 3953 492 4020 tegeretur,
504 3943 718 4002 invulnerabilis
719 3943 814 4019 soret.
826 3945 911 4019 Quod
923 3947 966 4002 ita
969 3944 1100 4021 factum,
1113 3943 1266 4019 fuisseque
1285 3941 1406 4014 Ajacem
1427 3948 1494 3995 toto

264 4054 384 4112 corpore
397 4036 631 4092 invulnerabilem
650 4047 855 4116 praeterquam
873 4037 979 4110 lalere3
998 4037 1030 4095 id
1048 4039 1124 4095 enim
1137 4043 1297 4094 conlectum
1316 4031 1494 4106 nonsnerot.

264 4131 338 4186 Hinc
350 4127 431 4202 infra
452 4146 565 4202 quoque
585 4132 733 4204 sequitur:

321 4216 407 4288 Dixit,
427 4229 454 4274 et
473 4217 501 4272 iu
516 4228 617 4294 pectus
630 4229 690 4276 tum
703 4221 818 4276 demum
833 4221 949 4277 vulnera
963 4241 1091 4297 passum,

318 4309 381 4382 Qun
393 4309 483 4387 potnit
497 4309 576 4367 ferro
587 4306 724 4367 lethalem
737 4312 865 4370 condidit
880 4331 984 4368 ensem.

213 4471 215 4479 Ι
283 4401 416 4458 Mentinit
426 4400 557 4478 subulae
568 4408 598 4459 et
611 4401 759 4464 Pindarus
773 4405 958 4464 Isthmiorum
979 4403 1041 4463 Ode
1060 4406 1172 4480 quinta.
