3252 5256
359 288 413 396 48
696 313 731 372 e.
751 313 879 370 ovron
907 312 1074 374 sisoius

277 433 476 544 Occupet,
490 431 805 543 atquealiquem
819 432 930 514 robis
943 459 1103 543 quoque
1116 430 1267 514 reddet
1282 435 1491 520 honorem.

275 547 465 658 Reppulit
479 541 702 629 Aetolides
719 545 794 628 snb
813 546 998 656 imagine
1017 560 1130 626 tutus
1143 546 1330 630 Aclu'llis

276 660 321 743 T
314 667 410 743 roas
422 661 475 740 ob
493 661 653 741 arsuris
671 686 763 740 cum
793 654 1009 766 defensore
1026 659 1198 742 carinis.

273 773 440 858 Ausum
453 771 577 854 etium
596 769 799 854 Hectoreo
812 770 946 852 solum
960 797 1203 854 concrurere
1219 771 1360 854 Marti
1403 771 1493 886 275

274 891 328 974 Se
341 900 483 995 pretet,
497 883 648 967 oblitus
665 885 877 995 regisque,
894 880 1155 995 ducumque,
1177 885 1334 996 meique
1351 917 1362 992 ;

273 997 424 1088 Nonus
442 1000 489 1080 in
502 998 638 1115 officio
649 1012 689 1078 et
702 996 919 1105 praelatus
936 1023 1100 1078 munere
1119 999 1255 1082 sortis.

274 1109 362 1194 Sed
377 1127 515 1192 tomen
532 1125 697 1192 eventus
710 1125 866 1192 restrae
881 1171 891 1204 ‚
900 1108 1135 1217 fortissime
1147 1173 1157 1210 ,
1171 1137 1345 1223 pugnae

277 1223 385 1336 Quis
394 1218 515 1332 fuit?
533 1221 691 1306 Hector
700 1223 788 1302 obit
805 1221 993 1304 violatus
1011 1221 1184 1306 uulnere
1215 1223 1342 1308 usello.

274 1339 349 1423 Me
367 1337 583 1427 miserum,
602 1349 756 1446 quante
778 1361 909 1446 cogor
922 1335 1159 1418 meminisse
1172 1333 1316 1420 dolore
1402 1335 1488 1422 280

277 1449 491 1557 Temporis
509 1448 646 1544 illius,·
665 1472 747 1557 quo
770 1442 945 1530 Graium
966 1475 1115 1528 munus
1136 1449 1329 1532 Aclsilles

270 1557 533 1646 Procubuit!
554 1588 631 1642 nec
650 1587 712 1640 me
730 1557 955 1652 lacrimae,
974 1559 1190 1656 laesusve,
1210 1564 1377 1648 timorve

273 1675 318 1758 T
311 1674 532 1775 ardorum,
551 1674 652 1786 quin
666 1699 816 1779 corpus
834 1671 957 1755 humo
974 1673 1147 1758 sublime
1164 1680 1369 1783 referrem.

316 3130 381 3198 ²7³·
408 3127 563 3185 Aetolides.
598 3129 777 3202 Patroclus,
808 3135 924 3191 Actoris
949 3151 1059 3208 nepos,
1091 3131 1179 3186 oensis
1202 3129 1320 3186 indutus
1352 3128 1482 3184 Aetatis.

259 3215 407 3274 Iliad-16.

316 3315 379 3384 ²7⁵·
399 3311 508 3368 Ausum
523 3312 607 3368 etiem
623 3313 779 3372 Hectoreis.
794 3317 875 3392 Aias
887 3335 950 3372 cum
973 3317 1094 3369 Hectore
1107 3314 1253 3388 singulari
1265 3314 1423 3368 certamine
1439 3327 1493 3385 pn·

256 3406 378 3478 gnavit,
398 3424 461 3460 curn
481 3405 512 3460 id
533 3408 560 3460 ei
577 3415 656 3462 sorte
676 3411 863 3481 contigisset,
883 3427 942 3484 quo
963 3425 1001 3464 ee·
1019 3425 1119 3482 pugna
1152 3416 1272 3482 uterque
1291 3407 1353 3460 sine
1374 3405 1492 3460 vumere

256 3494 443 3562 discessitob
463 3499 559 3552 attero
577 3501 745 3572 perniciosis
763 3501 892 3558 donatus
912 3500 1081 3556 muneribus.
1099 3500 1204 3555 Hector
1223 3498 1336 3576 quidem
1356 3497 1488 3560 baltico,

256 3605 313 3660 quo
332 3587 443 3662 ligatus
461 3591 567 3644 circum
587 3591 636 3646 Hii
655 3595 769 3648 moenio
787 3591 857 3666 suit
877 3601 1006 3649 tractus:
1028 3591 1110 3669 Aias
1130 3611 1196 3648 vero
1214 3573 1334 3668 ¹gladio,
1352 3594 1383 3646 in
1407 3608 1491 3668 quem

254 3681 417 3736 incumbens
436 3685 558 3752 seipsum
579 3685 735 3741 interiecit.

315 3777 379 3844 276.
397 3773 550 3850 Regisque,
569 3773 720 3851 ducisque,
741 3775 862 3852 meique.
873 3777 986 3835 Novem
1005 3781 1080 3836 enirn
1099 3779 1195 3835 sortiti
1213 3787 1310 3843 erant,
1331 3783 1363 3832 nt
1383 3791 1422 3829 ex
1434 3775 1490 3830 Ho

256 3883 334 3922 mero
354 3864 497 3921 discimus.
508 3865 603 3944 Regis.
623 3873 855 3944 Agamemnonis.

313 3975 377 4029 ²7⁷·
396 3957 431 4013 Et
452 3959 593 4034 praetatus
611 3978 731 4022 munere
750 3961 843 4018 sortis.
855 3963 975 4038 Colligit
992 3964 1112 4038 Ulysses
1130 3981 1186 4018 non
1207 3965 1324 4026 niente,
1344 3959 1396 4016 secl
1406 3967 1489 4017 sorte

252 4045 375 4122 Ajacem
396 4065 459 4102 cum
480 4049 602 4104 Hectore
629 4051 818 4109 contendisse.
831 4056 902 4108 Cum
928 4057 1002 4108 enine
1026 4073 1123 4108 novem
1144 4053 1154 4120 (
1166 4062 1197 4108 ut
1217 4052 1368 4122 elisimus)
1387 4067 1419 4106 se
1436 4069 1489 4124 pu·

252 4149 395 4216 gnoturos
414 4159 479 4196 cnm
499 4143 625 4199 Hectore
643 4145 863 4218 profiterentur,
883 4149 1003 4203 consilio
1015 4145 1151 4203 Nestoris
1160 4143 1281 4220 sactum
1301 4153 1354 4207 est.
1375 4152 1406 4198 nt
1427 4161 1488 4198 sor·

251 4243 308 4288 tem
327 4236 447 4309 quisque
466 4251 549 4289 suurn
570 4235 599 4288 in
619 4237 736 4310 galeam
762 4238 922 4312 dejiceret,
942 4257 978 4294 oc
998 4239 1082 4314 cujus
1100 4241 1197 4314 primo
1216 4237 1320 4292 eductu
1332 4233 1441 4308 soret,
1462 4237 1487 4289 is

251 4327 281 4382 in
292 4333 437 4380 certarnen
456 4343 521 4381 curn
539 4329 664 4384 Hectore
682 4329 878 4389 descenderet.
889 4331 925 4390 Et
944 4331 1101 4410 praelatos.
1113 4333 1299 4408 Antepositus
1318 4330 1385 4385 aliis
1404 4327 1487 4386 nullo

252 4433 285 4473 re
303 4415 366 4474 eliu
386 4435 472 4492 quum
492 4425 586 4474 sorte.
