3226 5240
394 321 473 433 ise

354 497 440 556 νινν.
461 494 523 564 7⁰⁵·
544 488 615 546 lude
634 485 774 548 recordati
794 485 927 546 Teucros.
953 481 1096 564 Apollinis
1116 484 1268 544 oraculum
1288 505 1347 544 non
1366 487 1520 562 percipien-

298 597 342 646 tes
362 583 507 660 Troiani,
526 583 554 638 in
577 577 696 636 cretam
711 581 902 655 navigarum.
921 577 1047 662 Primam
1067 579 1139 634 enlm
1159 581 1302 655 originem
1322 597 1354 635 se
1373 577 1520 654 putabunt

294 673 400 732 ducere
420 693 439 728 a
463 673 574 728 Teucro
594 667 769 724 Scamandri
789 668 932 724 Cretensis
945 668 1027 744 filio,
1047 670 1096 743 qui
1115 670 1144 722 in
1166 669 1325 746 Phrygiam
1343 667 1521 742 profectus,

294 785 392 824 arcem
415 747 575 841 Troianam
594 763 768 838 aedificavit.
778 759 838 818 Sed
867 769 937 817 ante
967 780 1032 818 eum
1051 759 1211 818 Dardanus
1229 782 1266 817 ea
1285 762 1352 818 loca
1367 763 1439 836 jans
1460 779 1520 818 soe·

294 868 382 934 perat
401 857 542 916 babitare.
1216 851 1221 858 '
1579 921 1580 950 1

355 951 387 1010 V
385 967 438 1007 ινν.
451 954 523 1022 7¹⁵·
541 947 666 1006 Acciana.
678 943 794 1004 dctium
803 948 1029 1022 promontorium
1042 947 1128 1020 Epiri
1140 957 1192 1015 est,
1212 947 1262 1003 ubi
1278 947 1376 1003 cultus
1396 947 1523 1014 Aeolio,

295 1047 392 1122 quiin
410 1042 513 1100 nausii
531 1041 661 1116 praelio,
680 1057 737 1116 quo
767 1039 874 1095 devicit
901 1038 1053 1114 Augustus
1083 1038 1240 1096 Antonium
1260 1048 1288 1094 et
1310 1039 1524 1105 OEeooatram,

296 1137 438 1192 auxilium
456 1135 590 1208 Augnistn
609 1131 707 1188 tulisse
726 1129 904 1189 credebatur.
936 1131 982 1189 Ab
1014 1127 1159 1209 Apolline.
1178 1131 1220 1186 Ob
1238 1131 1382 1204 Apollinis
1403 1134 1523 1186 aetiam
1581 1144 1582 1165 ¹

296 1226 442 1303 templum.
465 1225 541 1281 Illuc
560 1225 633 1279 enim
653 1223 694 1278 ad
714 1224 941 1299 quinquennales
962 1221 1047 1281 ludos
1067 1224 1151 1279 multi
1168 1221 1270 1298 populi
1288 1223 1491 1296 confluebant.

354 1321 440 1376 νινε.
459 1338 523 1392 μα.
544 1317 619 1374 vati.
646 1317 768 1384 Heleno,
795 1319 906 1374 Priami
915 1315 964 1392 fil.
982 1359 987 1370 .
1007 1319 1072 1384 cui,
1104 1325 1170 1390 post
1192 1315 1334 1390 Pyrrbum
1358 1318 1401 1374 ab
1419 1321 1524 1374 Oreste

296 1425 428 1475 caesum,
447 1419 573 1466 cesserat
593 1425 668 1464 uaor
686 1407 749 1483 ejus
770 1407 972 1464 Andromache
985 1423 1051 1462 cum
1065 1423 1156 1480 regno
1176 1407 1270 1479 Epiri.
1289 1405 1390 1482 Epiros
1410 1407 1450 1462 nb
1470 1406 1520 1464 his.

296 1501 377 1558 Post.
396 1499 487 1566 liaec,
504 1517 573 1554 nam
603 1501 634 1556 in
664 1497 784 1553 italiam
803 1495 1008 1570 navigantibus
1033 1517 1052 1550 a
1079 1499 1208 1570 Corcyra
1242 1497 1378 1550 occurrit.
1409 1495 1521 1572 Epirus.

296 1592 385 1666 Regia
404 1591 433 1644 in
453 1609 510 1666 qua
529 1599 572 1646 est
591 1589 758 1657 Buthrotus,
778 1587 845 1644 clim
864 1591 1055 1642 Romanorum
1069 1587 1196 1642 colonia.
1210 1585 1347 1642 Tenetur.
1368 1585 1519 1642 Tenentur
1585 1605 1586 1608 ¹

297 1682 525 1844 unul'ebbbdbcbo.
544 1769 639 1848 Scylla
672 1765 757 1828 latiis.
793 1773 877 1826 Duae
892 1767 1014 1837 suerunt
1034 1765 1151 1844 Scyllae
1170 1789 1190 1824 a
1208 1769 1304 1842 poetis
1324 1767 1518 1824 decantatae:

299 1882 420 1940 quarum
442 1865 536 1922 altera
558 1866 622 1922 Nisi
631 1863 701 1938 filia
723 1865 752 1917 in
771 1881 850 1917 avem
862 1859 929 1936 suit
954 1870 1145 1919 commutata:
1168 1861 1263 1916 altera
1286 1861 1392 1920 Plini-ei
1408 1861 1474 1934 fitia
1492 1865 1521 1916 ia

299 1968 477 2026 monstrum,
496 1957 574 2033 quod
591 1959 620 2011 in
631 1957 718 2030 freto
737 1955 835 2011 Siculo
855 1955 1057 2030 riuvigantibus
1076 1951 1242 2008 insidiatur.
1261 1951 1432 2028 Chsrybdis.
1442 1957 1522 2008 Haec

300 2047 401 2104 uetula
407 2045 476 2122 suit
486 2046 704 2124 jurarissima,
723 2065 799 2123 quae
817 2065 881 2102 cum
900 2045 1018 2101 Herculi
1029 2043 1231 2117 bouesjurata
1244 2055 1318 2100 esset
1334 2082 1345 2110 ,
1365 2045 1404 2099 ab
1424 2045 1476 2100 ilia
1494 2049 1523 2100 in

289 2135 405 2211 fretum
425 2141 558 2216 projecta
577 2142 605 2194 in
625 2133 780 2196 monstrum
801 2141 942 2195 marinum
947 2137 1010 2212 fuit
1031 2155 1170 2193 conversa
1181 2177 1191 2204 ,
1211 2136 1290 2212 quod
1310 2136 1410 2194 adbuc
1427 2141 1523 2213 pristi-

300 2247 368 2284 num
390 2232 492 2286 retinet
511 2229 644 2305 rapiendi
662 2238 814 2298 naturam3
833 2248 900 2284 nam
920 2229 990 2284 illac
1009 2235 1193 2284 transeuntes
1210 2245 1303 2282 naues
1322 2228 1365 2282 ad
1384 2247 1416 2284 se
1434 2231 1521 2302 rapit,

300 2320 476 2394 decoratque
494 2339 531 2375 ac
562 2322 687 2375 revomit.
720 2317 824 2394 Scylla.
844 2319 984 2374 Dextrum
1005 2316 1100 2394 Scylla
1126 2315 1199 2375 lutus
1225 2315 1342 2376 licium
1372 2319 1522 2396 implacata

297 2408 455 2486 Charybdin
475 2424 531 2469 etc.
561 2412 664 2468 AEneid
684 2416 710 2468 3.

357 2503 389 2558 V
387 2519 442 2558 ers.
464 2504 528 2574 7³⁸·
548 2502 602 2558 Cui
623 2501 700 2558 dum.
714 2501 845 2578 Plerique
864 2504 1052 2573 vetustiores,
1070 2511 1190 2576 excepto
1208 2503 1380 2563 Florentino
1394 2507 1517 2562 S.b{ar-

299 2593 348 2660 ci,
365 2591 458 2670 Quam
478 2593 562 2650 duni:
583 2606 612 2651 et
630 2611 695 2650 moa
717 2605 849 2670 repetens
879 2593 1014 2671 suspiria,
1033 2613 1091 2651 non
1110 2594 1347 2670 referens.Quam
1368 2597 1439 2655 dum
1457 2617 1520 2676 pes·

300 2683 412 2741 tendas.
433 2685 559 2742 Galatea
579 2687 665 2743 Nerei
685 2697 713 2741 et
728 2684 845 2743 Doridis
854 2685 915 2759 luit
925 2687 1017 2762 filia,
1036 2706 1112 2764 quae
1130 2707 1226 2744 amore
1238 2691 1338 2746 Acidis
1357 2703 1447 2766 capta
1468 2693 1520 2746 Po·

298 2774 462 2850 lrpliemum
483 2779 635 2854 Cyclopem
655 2797 686 2834 se
698 2787 842 2834 aniantem
853 2776 1001 2855 fugiebat.
1023 2780 1083 2835 Sed
1101 2799 1165 2837 cum
1186 2781 1309 2857 Cyclops
1331 2787 1446 2840 camin
1458 2803 1521 2860 gre·

299 2869 357 2924 mio
377 2868 477 2925 Acidis
496 2868 665 2925 residentem
685 2868 934 2944 deprehendisset,
955 2871 1002 2925 ira
1026 2878 1176 2946 correptus
1195 2874 1296 2950 ingens
1314 2893 1422 2929 sanum
1441 2877 1471 2928 in
1489 2875 1521 2928 it·

300 2959 345 3018 los
363 2961 511 3034 coniecit,
530 2981 587 3039 quo
605 2963 673 3019 Acis
694 2963 814 3019 obtritas
823 3002 833 3028 ,
850 2968 858 3036 (
874 2981 941 3018 nam
954 2964 1078 3020 Galatea
1092 2964 1271 3044 aufugerat)
1291 2968 1321 3020 in
1343 2967 1459 3024 nuvium
1477 2967 1521 3021 sui

299 3053 422 3108 nominis
430 3050 499 3127 suit
518 3071 680 3110 conuersus.

354 3145 416 3202 Lib.
437 3148 522 3203 XW.
543 3164 613 3202 vers.
636 3145 826 3223 mGigrnteis.
846 3149 950 3203 AEtaae
967 3145 1099 3203 incendia
1109 3187 1119 3213 ,
1137 3148 1221 3226 cujus
1240 3159 1371 3206 crateres
1389 3159 1521 3206 moment

297 3235 411 3310 lapides
431 3239 555 3313 ignitos,
566 3237 756 3309 stanimarem
775 3237 876 3314 globos
896 3247 925 3294 et
943 3241 1052 3296 cineres
1063 3241 1174 3296 Poetae
1193 3243 1340 3316 imputant
1359 3241 1520 3306 Encelado,

301 3327 440 3405 Typlioeo
460 3339 490 3384 et
507 3329 674 3406 gigantibus
693 3349 712 3384 a
732 3331 804 3386 Jove
822 3329 993 3397 debellatis,
1018 3339 1106 3408 atque
1125 3349 1164 3388 ex
1183 3334 1286 3390 AEtnae
1305 3335 1518 3410 superinjectae

301 3421 424 3476 caminis
443 3423 527 3497 quasi
536 3417 680 3493 saucibus
702 3421 795 3496 ignem
815 3419 1020 3477 eructantibus.
1431 3491 1435 3498 μ

358 3515 388 3562 ν
390 3531 445 3570 ers.
468 3517 493 3570 5.
508 3512 643 3569 Zanclen.
662 3513 831 3568 Messanam
853 3511 949 3568 urbem
967 3512 1102 3579 Siciliae,
1127 3517 1174 3571 cui
1193 3515 1209 3569 ἑ
1229 3519 1346 3593 regione
1365 3515 1522 3592 respondet

302 3603 440 3680 Rhegium
460 3605 615 3672 initalia,
646 3605 752 3680 injecto
773 3603 860 3678 freto
890 3603 1006 3672 Sicula,
1036 3605 1142 3680 infami
1165 3605 1348 3685 naufragiis,
1370 3611 1520 3684 scopulis,

300 3694 403 3769 Scylla
423 3707 451 3751 et
472 3695 625 3771 Charybdi.
648 3693 829 3769 adversaque
849 3693 961 3750 moenio
979 3691 1078 3772 Rhegi.
1097 3695 1236 3774 Rhegium
1254 3709 1297 3755 est
1323 3699 1392 3758 urbs
1411 3705 1441 3755 in
1454 3701 1526 3768 fini-

301 3788 353 3844 bus
373 3789 545 3855 Calabriae,
566 3789 613 3845 ubi
633 3787 733 3845 Sicilia
759 3787 796 3842 ab
822 3787 912 3842 Italia
936 3785 1079 3844 distracta
1099 3789 1199 3862 fuisse
1223 3803 1411 3848 immoratur.
1437 3789 1525 3848 Uirde

300 3885 330 3930 et
354 3865 494 3955 Rhegium
510 3864 572 3938 siai
593 3869 632 3938 τῦ
655 3867 806 3964 ρήγνυθαι
818 3876 925 3932 dictum
938 3885 996 3946 est,
1015 3877 1069 3935 lios
1088 3891 1131 3938 est
1142 3920 1152 3946 ,
1172 3883 1210 3938 ab
1229 3878 1436 3956 abrumpenda,
1448 3879 1528 3957 quod

303 3983 338 4021 ea
357 3969 386 4021 in
406 3968 469 4024 loco
489 3967 589 4024 Sicilia
610 3967 757 4023 abitalia
771 3965 867 4037 suerit
885 3968 1030 4044 abrupta,
1051 3977 1082 4026 ut
1103 3971 1214 4026 Plinius
1233 3967 1336 4026 tradit.

356 4057 417 4112 Lib.
441 4059 510 4114 XV.
521 4075 592 4115 vers.
612 4064 676 4130 489.
687 4057 824 4114 Oresteae
837 4057 956 4114 Dionae.
974 4061 1050 4115 Dicit
1064 4061 1149 4116 ritum
1163 4078 1219 4138 quo
1236 4069 1305 4115 ante
1318 4059 1446 4114 bumana
1457 4077 1523 4114 san·

299 4151 388 4226 guina
406 4149 628 4220 sacrificabatur
645 4150 735 4216 deae,
757 4161 858 4216 postea
877 4171 896 4205 a
917 4152 1053 4228 Lycurgo
1077 4154 1241 4220 sublatum,
1260 4163 1289 4208 et
1309 4171 1363 4226 pro
1381 4172 1417 4209 ea
1437 4154 1521 4208 insti·

303 4251 419 4309 tutsun,
440 4251 472 4299 ut
491 4239 689 4304 adolescentes
709 4242 867 4300 uerberibus
884 4245 914 4298 in
934 4243 1034 4300 eadem
1053 4266 1110 4302 aaa
1122 4243 1310 4302 caederentur
1324 4244 1401 4301 unde
1419 4255 1523 4320 postea

298 4321 467 4413 βωμονῖκαν
486 4333 640 4410 appellati,
662 4333 712 4410 qui
742 4331 915 4409 sufferendis
937 4332 1067 4409 pluribus
1092 4335 1235 4392 verberum
1253 4337 1357 4390 ictibus
1376 4337 1522 4391 vicissent.

303 4424 348 4482 De
366 4441 425 4499 qun
444 4443 477 4486 νι
495 4425 735 4486 Semumotavts
753 4424 783 4480 in
798 4421 943 4498 piAEneid.
956 4423 1014 4482 Sed
1025 4423 1070 4482 tic
1089 4428 1205 4486 Dianae
1225 4425 1429 4484 simulachrum
1442 4427 1521 4501 pria·
