3296 5248
412 311 496 400 106·
750 339 785 401 r.
805 333 1133 402 ovmnstsostt'

322 457 523 543 Luctibus
541 475 603 542 est
621 457 791 542 Aurora
807 459 897 542 suis
914 459 1073 542 intenta
1087 484 1101 562 ς
1113 454 1292 568 piasque

320 571 451 656 Nunc
470 601 628 686 quoquc
646 570 721 654 dot
739 571 966 684 lacrymas:
986 586 1026 653 et
1043 585 1130 652 toto
1141 584 1254 654 rorat
1269 569 1317 652 in
1334 565 1445 654 ardet

381 687 473 770 Nec
491 702 628 767 tomen
647 711 825 768 euersam
845 677 996 798 Trojae
1013 709 1109 768 cum
1120 683 1331 767 moenibus
1347 709 1440 767 esse
1471 717 1474 728 ·

323 799 443 910 Spem
451 799 715 911 quoquosala
723 797 876 880 sinunt.
885 797 1017 880 Socra
1027 810 1085 896 ,et
1091 823 1215 878 sacra
1222 795 1355 878 altera
1363 809 1529 904 patrem

322 917 425 1000 Fert
445 911 621 994 inumeris
643 910 873 993 uenerabile
892 937 997 992 onus
1018 905 1262 1009 Cythereius
1279 909 1409 992 teror.

323 1029 393 1112 De
412 1027 541 1108 tantis
555 1023 702 1134 opibus
715 1018 917 1133 praedam
930 1023 1028 1130 pius
1045 1021 1164 1134 eligit
1181 1021 1343 1130 ittam*;
1446 1017 1530 1106 626

323 1140 644 1247 Ascaniumque
661 1163 780 1218 suum
795 1135 1087 1248 :profugique
1100 1161 1178 1245 per
1191 1161 1374 1245 aequora
1390 1133 1533 1219 classa

269 1285 271 1292 ·
326 1258 481 1339 Fertur
490 1253 542 1332 ab
561 1245 811 1344 Arttandro,·
828 1247 1117 1358 scelerataque·
1127 1245 1274 1328 limina
1293 1245 1529 1350 Ttrocom,

323 1359 387 1450 Et
410 1362 647 1476 Polydoreo
667 1377 907 1442 manantem
925 1359 1132 1472 sanguine
1149 1373 1299 1442 terram
1324 1441 1328 1446 .

323 1477 518 1590 [tonent.-
535 1489 574 1557 et
593 1475 761 1556 utilibus
778 1475 907 1558 ventis
924 1489 1121 1582 aestuque
1133 1469 1318 1555 secundo
1441 1467 1527 1558 630

324 1592 458 1676 Introt
476 1585 741 1699 Apollineam
758 1587 886 1670 sociis
904 1583 1193 1669 comitantibus
1212 1583 1361 1667 urbem.

323 1703 450 1788 Hunc
469 1702 634 1795 Anius,
653 1725 734 1811 quo
750 1727 846 1811 rege
862 1697 1072 1791 nomines,
1089 1696 1275 1784 antistite
1293 1695 1485 1782 Phoebus

380 3141 444 3200 ⁶22.
464 3137 536 3200 Toto
559 3156 635 3203 roret.
657 3141 686 3200 in
711 3124 788 3200 orlon.
809 3134 1061 3212 llosmatutinus,
1085 3139 1169 3218 eujus
1198 3145 1301 3220 guttas
1333 3140 1364 3197 in
1389 3133 1486 3196 herbis
1511 3137 1542 3192 el

317 3235 445 3310 floribus
464 3233 599 3301 uidemus,
619 3229 735 3312 poetica
754 3235 909 3309 phantasia
928 3247 995 3294 sunt
1014 3237 1164 3312 hemmae
1186 3239 1330 3294 Aurorae.
1352 3231 1424 3290 idea
1443 3239 1544 3287 arctoos

328 3337 390 3384 toto
410 3327 478 3383 orde
505 3339 704 3404 sparguntur,
724 3333 858 3404 quoniam
877 3339 906 3386 et
926 3331 990 3405 ipsa
1013 3331 1130 3387 Aurora
1149 3329 1339 3406 amplitudine
1358 3340 1414 3382 sua
1426 3365 1435 3396 ,
1456 3333 1549 3382 totum

327 3423 447 3487 oriem,
467 3424 608 3477 arcticum
627 3431 722 3496 puta,
740 3423 947 3496 complectitur.
1139 3488 1142 3496 ¹

385 3513 453 3568 Fur.
477 3514 531 3568 IV.
553 3514 621 3590 Arg.
641 3511 705 3568 Nan
727 3521 838 3583 tamen,
857 3523 911 3571 eta.
942 3517 1045 3573 AEnees
1072 3535 1138 3574 eum
1158 3526 1276 3593 parente
1295 3511 1421 3572 Anchise
1441 3522 1472 3569 et
1491 3507 1550 3568 fitis

327 3601 452 3658 Asconio
473 3604 609 3680 prologus
629 3601 729 3672 Delum
752 3603 841 3662 venit.
862 3605 917 3662 Hie
936 3607 974 3664 eb
994 3606 1069 3664 Anio
1088 3606 1233 3664 secerdote
1251 3601 1393 3684 Apollinis
1412 3601 1551 3680 recipitur

328 3691 471 3770 hospitio,
490 3693 539 3769 qui
560 3693 613 3750 illis
633 3691 739 3752 indicat
759 3698 886 3772 quinque
906 3717 935 3754 se
957 3695 1076 3754 filiarum
1110 3708 1257 3776 potentem
1276 3693 1378 3752 orbum
1409 3691 1553 3750 relictusn-

328 3789 461 3846 Andrum
483 3788 579 3856 enim·,
599 3801 614 3842 u
635 3803 692 3863 quo
713 3789 827 3845 Andros
846 3788 938 3848 insule
950 3789 962 3858 ',
982 3789 1128 3867 reliquisse
1148 3789 1287 3866 patrium,
1307 3785 1375 3844 huie
1394 3798 1427 3844 ut
1447 3783 1554 3863 Apollo

329 3879 441 3936 dederit
461 3883 629 3956 tugurium,
649 3881 690 3940 sie
707 3881 844 3938 uiuorum
865 3881 977 3939 dedisse
1005 3882 1183 3962 virginibus,
1207 3892 1240 3940 ot
1264 3892 1392 3939 contacte
1420 3879 1554 3936 menibus
1642 3863 1643 3872 ἵ

328 3991 438 4036 corun»,
456 3971 485 4028 io
505 3987 644 4051 segetem,
664 3974 771 4042 vinum,
791 3975 940 4052 oleumque
961 3987 1148 4045 verterentur,
1167 3995 1213 4034 ess
1232 3978 1431 4054 Agsmemnen
1445 3985 1554 4034 otene·

327 4062 390 4123 toni
403 4085 517 4124 munere
529 4067 684 4124 exercitum
705 4065 804 4134 aleret,
824 4088 889 4126 cum
907 4065 992 4126 vellet
1012 4069 1163 4140 ebducere,
1175 4069 1205 4126 in
1219 4069 1339 4128 insulsus
1352 4069 1476 4127 esntlem
1493 4071 1555 4128 An·

328 4159 400 4214 dron
423 4159 588 4236 profugisse.
610 4160 686 4216 Hinc
707 4180 800 4217 rursus
821 4180 857 4216 ue
879 4161 998 4219 vinculis
1017 4161 1141 4240 illigatae
1163 4164 1354 4240 reperirentur
1365 4163 1496 4240 potentie
1511 4182 1555 4220 re·

327 4251 369 4330 gis
391 4251 611 4328 Agamemnonis
630 4249 726 4308 Liberi
749 4268 853 4308 sturmo
875 4253 969 4310 effecit
988 4255 1026 4310 ob
1059 4254 1277 4312 misericordium
1303 4261 1333 4314 et
1366 4249 1494 4314 muneris
1513 4253 1559 4313 sni

326 4365 462 4410 cnusrm,
483 4354 514 4398 ut
537 4342 564 4398 in
585 4341 781 4400 columborum
801 4345 924 4421 speciem
947 4345 1176 4402 transferrentur.

384 4439 448 4492 ⁶25.
472 4435 644 4511 Cythereius
665 4434 752 4496 heros.
774 4439 881 4494 AEueos
901 4437 1167 4514 reuerterunt
1182 4437 1324 4512 cytherea
1337 4436 1457 4506 dicitur,
1466 4437 1560 4512 tilius,
