3252 5256
366 229 392 314 6
702 258 737 317 ι’.
761 255 887 320 otton
909 255 1074 320 ussous

284 375 369 458 lste
388 373 484 456 tulit
496 373 672 484 pretium
682 375 777 488 sam
795 401 908 456 nunc
925 375 1164 457 certaminis
1181 373 1325 489 liujus5

287 485 382 597 Quo
402 517 495 570 cum
516 491 649 573 ricus
666 490 764 586 erit,
782 515 939 569 mecum
958 504 1138 570 certasse
1153 488 1319 594 feretur.
1433 511 1490 570 20
1595 517 1596 544 ¹

284 600 428 710 Atque
447 630 541 713 ego,
560 603 602 683 si
617 601 753 682 virtus
771 599 816 680 in
835 629 898 680 me
915 597 1157 683 dubitabilis
1175 615 1302 693 esset,

282 711 513 796 Nobilitate
526 731 675 824 potens
692 740 840 812 essem,
861 711 1084 794 Telamone
1101 729 1292 798 creatus.-

205 856 213 872 ·
282 821 461 907 Moenia
479 829 554 938 qui
559 825 672 936 forti
691 823 879 937 Treq‘ona
897 827 972 905 sub
991 825 1170 908 Hercule
1190 824 1317 934 cepit,

282 935 526 1049 Littoraque
543 937 720 1019 intravit
742 939 970 1048 Pagasaea'
994 933 1148 1020 C‹›lcl1a
1167 938 1328 1020 corinti.

283 1047 448 1135 AEacus
466 1051 699 1159 linic'pater
714 1066 795 1142 est,
815 1048 998 1160 quijura
1015 1050 1230 1131 silentibus
1248 1049 1339 1130 illic
1431 1040 1489 1128 25

284 1157 457 1257 Reddit,
476 1164 549 1244 ubi
563 1160 762 1246 AEob'den
779 1189 933 1242 saxum
949 1183 1085 1274 grove
1104 1161 1313 1270 Sisyphon
1331 1173 1466 1272 urget.
1595 1199 1596 1260 ῃ

285 1271 452 1356 AEacon
473 1277 666 1389 agnoscil
688 1301 890 1370 summus,
905 1276 1142 1385 prolemque
1150 1276 1318 1382 fatetur
1595 1265 1596 1324 3

285 1383 479 1496 Juppiter
492 1417 580 1471 esse
598 1415 736 1472 suam:
754 1386 818 1468 sic
836 1388 889 1466 ab
907 1385 1007 1470 Jove
1025 1388 1169 1468 tertius
1187 1385 1327 1498 Ajam

284 1495 379 1582 Nec
396 1515 532 1582 tamen
550 1501 654 1584 lmec
671 1499 797 1581 series
815 1499 861 1580 in
884 1503 1040 1582 caussci
1055 1500 1213 1608 prosit,
1232 1496 1415 1596 Achivi,

284 1607 336 1692 Si
349 1612 454 1696 milri
467 1642 562 1698 eum
579 1637 734 1725 magno
752 1636 836 1693 non
854 1626 916 1695 est
934 1613 1164 1695 communis
1183 1609 1335 1695 Acbill
1355 1665 1366 1692 ·.
1438 1605 1497 1694 30

348 3637 393 3675 n.
414 3614 519 3692 Atque.
533 3616 681 3672 Rationem
701 3614 746 3670 sui
764 3613 793 3668 in
811 3609 923 3689 judicio
941 3611 995 3668 ltoo
1014 3607 1173 3668 habendam
1192 3609 1322 3684 postulat
1339 3609 1433 3687 Aion,
1445 3618 1513 3668 tun·

288 3731 376 3792 quom
398 3701 536 3768 santulo
554 3709 692 3784 rebusque
710 3709 799 3784 gestis
817 3706 957 3772 clarioris,
977 3725 1003 3761 o.
1023 3721 1127 3779 genere
1145 3702 1310 3774 nobilioris,
1330 3706 1512 3781 &sanguino

288 3801 395 3861 Aebilli
413 3800 558 3876 conjuncti
568 3821 575 3852 :
594 3801 697 3875 premit
716 3807 814 3854 auum
832 3796 982 3872 reiicitque
999 3795 1208 3861 adversarium,
1226 3802 1258 3850 ut
1282 3795 1466 3870 nignauum,
1486 3813 1514 3850 ι.

291 3894 451 3970 ignobilem,
474 3895 500 3947 3.
511 3891 644 3946 alienum.

348 3989 390 4057 ol.
413 3985 556 4062 Pagasaea.
569 3983 626 4038 Lib.
640 3999 710 4038 vers.
725 3980 866 4037 misinen
888 3977 1002 4037 Colcho.
1027 3977 1170 4036 Colchico.
1192 3974 1269 4033 Nom
1292 3973 1431 4032 Telamon
1450 3995 1516 4034 cuns

288 4081 396 4137 iasone
415 4083 442 4130 in
465 4075 584 4131 l'ololros
602 4076 764 4150 navigavit,
782 4081 812 4126 ut
831 4071 944 4148 plenius
963 4071 1093 4146 saperius
1111 4070 1248 4125 diximus.

349 4173 395 4225 αθ.
415 4165 461 4224 sie
481 4167 518 4222 ob
537 4165 609 4222 Jove
636 4165 746 4221 tertius.
756 4165 826 4220 love
855 4163 972 4218 saetoso
997 4162 1108 4216 tertius.
1131 4161 1245 4214 Primus
1276 4158 1368 4234 igitur
1386 4155 1425 4212 ob
1442 4159 1518 4214 Jove

292 4263 413 4328 Aeacus,
432 4256 573 4316 secundm
592 4255 728 4317 Telamon
739 4297 749 4326 ,
770 4258 871 4316 tertius
893 4254 977 4332 Ajox.
1000 4258 1049 4312 lto
1067 4253 1146 4311 loris
1170 4251 1320 4329 Pronepos
1337 4249 1441 4328 Aiax,
1463 4253 1520 4310 Te·

292 4351 390 4412 lnmon
408 4361 505 4424 nepos⁸
