3266 5250
403 337 482 423 302
735 357 768 415 P.
789 353 911 413 ovum
942 348 1108 411 ussurus

326 479 520 571 Viderat:
538 491 577 558 et
596 475 693 558 totis
705 489 942 584 perceperat
963 471 1122 555 ossibus
1141 484 1327 566 nestum;
1451 499 1528 578 7⁰0

322 594 606 700 Luctatusque
624 587 718 685 diu,
733 604 952 698 postquam
972 585 1130 664 ratione
1138 582 1325 689 furorem
1612 587 1613 590 '

329 707 504 796 Vincere
522 730 605 784 nou
618 700 778 812 potuit,
798 698 977 810 supplex
994 695 1056 778 ad
1072 696 1217 775 limina
1237 697 1374 776 uenit:

323 817 387 905 Et
404 815 527 899 modo
546 815 701 896 nutrici
716 811 906 894 miserum
926 813 1141 909 confessus
1159 837 1362 905 amirrern,

322 931 388 1016 Ne
406 929 488 1012 sibi
505 925 611 1009 dura
620 929 734 1034 foret
751 989 760 1024 ,
775 956 852 1033 per
867 952 959 1031 spes
980 923 1109 1004 orauit
1127 921 1333 1002 alumnae.

321 1042 385 1129 Et
402 1040 524 1124 modo
537 1039 590 1122 de
608 1040 748 1121 multis
766 1035 978 1119 blanditus
1002 1035 1151 1144 cuique
1171 1033 1400 1129 ministris,

320 1153 516 1240 Sollicita*
530 1153 649 1263 petiit
661 1179 908 1262 propensum
928 1176 1035 1230 uoce
1045 1148 1258 1255 fauorem.

323 1269 453 1377 Saepe
465 1263 646 1377 ferenda
664 1263 780 1350 dedit
797 1258 964 1348 blandis
983 1289 1062 1344 suu
1086 1261 1212 1342 vedu
1236 1253 1425 1342 tabellis.-

375 2971 447 3028 rat.
468 2973 566 3032 XVII·
591 2973 657 3048 Arg.
679 2970 805 3030 Viderat
824 2991 843 3027 a
864 2975 986 3039 veteris,
1005 2982 1058 3028 etc.
1079 2973 1112 3027 Iu
1132 2971 1227 3029 Insula
1254 2973 1349 3048 Cypro
1377 2973 1546 3029 Anaxarete

320 3063 375 3122 luit
393 3066 580 3146 exprogenie
613 3067 718 3124 Teucri
752 3065 916 3134 Salaminii,
936 3085 1009 3142 quse
1030 3066 1120 3123 formu
1140 3079 1267 3122 erueras
1294 3077 1393 3142 gentes
1421 3065 1552 3140 ejusdem

322 3157 440 3218 civitatis
460 3179 637 3240 supergressa
665 3173 716 3218 est.
746 3159 802 3218 Sed
823 3172 854 3216 ut
877 3159 1058 3237 pulchritudo
1086 3160 1213 3216 eminens
1234 3160 1308 3222 fuit.
1327 3157 1366 3213 ite
1388 3171 1510 3235 propter
1532 3179 1557 3212 a·

320 3253 529 3324 spernetiouem
552 3253 676 3332 virorum
697 3251 886 3309 abominandi
907 3250 1335 3328 omuibus.Quemcum1phis
1356 3251 1488 3324 ejusdem
1518 3253 1554 3308 ci·

323 3339 415 3400 vitetis
445 3365 539 3400 umore
560 3343 703 3420 diligeret,
725 3363 816 3418 oeque
844 3343 951 3398 editum
987 3342 1022 3399 ud
1043 3361 1104 3398 eum
1136 3341 1268 3409 heberet,
1300 3340 1399 3398 dolens
1421 3342 1503 3418 quod
1527 3343 1554 3396 iu

323 3439 381 3488 tum
406 3453 519 3510 gravem
539 3449 644 3493 sortem
676 3433 843 3498 incidisset,
864 3454 899 3490 ue
921 3433 1027 3491 diutius
1059 3427 1185 3498 doleret,
1207 3433 1241 3489 ud
1270 3445 1428 3489 extremum
1466 3447 1557 3489 noctu

322 3516 477 3580 clemente
498 3525 571 3582 iores
591 3523 700 3603 puellae
721 3523 872 3602 suspendio
894 3544 921 3580 se
943 3523 1083 3580 liberavit.
1113 3523 1164 3580 Cui
1194 3543 1260 3580 cum
1281 3525 1366 3580 sunus
1387 3544 1443 3600 pro
1464 3525 1558 3601 digni·

323 3623 380 3670 tute
400 3616 531 3674 fortunae
553 3639 602 3692 per
624 3615 770 3694 publicum
792 3617 912 3672 maxime
933 3617 1094 3691 frequentis
1115 3617 1283 3681 duceretur,
1297 3631 1326 3675 et
1340 3617 1386 3674 ille
1409 3617 1559 3694 patientis-

323 3705 391 3764 sisne
411 3729 446 3766 et
465 3709 603 3786 superiori
626 3722 705 3790 purte
733 3707 834 3764 doinus
856 3709 1038 3785 prospiceret,
1060 3709 1097 3764 ub
1118 3707 1232 3764 nimiam
1254 3709 1478 3777 crudelitatem,
1498 3711 1558 3766 uni·

324 3802 418 3879 ruique
444 3802 601 3868 duritiam,
620 3800 651 3858 iu
678 3799 795 3876 vestigio
828 3801 869 3856 sui
891 3823 907 3857 a
927 3801 1040 3857 Venere
1066 3822 1133 3858 sexo
1158 3801 1258 3858 durata
1291 3815 1345 3870 cst,
1367 3806 1407 3858 its
1430 3817 1462 3858 ut
1482 3805 1560 3876 apud

323 3889 487 3950 Salaminius
517 3893 625 3966 species
664 3893 725 3964 ejus
757 3889 951 3967 prospicientis
982 3890 1102 3948 Veneris
1131 3911 1234 3948 nornen
1265 3893 1417 3970 acceperit.
1444 3892 1561 3952 Dehinc

323 3975 499 4040 Vertumnus
518 3983 632 4040 rediens
653 3980 681 4036 io
703 4001 781 4038 suum
802 3982 924 4057 speciem
945 3981 1070 4038 Pomone
1092 3979 1198 4060 potitus
1218 3995 1269 4038 est.

385 4075 448 4143 7⁰³·
458 4076 494 4129 Et
512 4072 604 4128 modo.
619 4074 698 4127 Haec
720 4090 757 4127 ex
777 4073 957 4143 penitissimis
977 4077 1051 4127 artis
1065 4083 1093 4128 et
1104 4075 1299 4141 experientiae
1322 4091 1393 4130 suae
1413 4081 1560 4150 irretortis

327 4164 425 4243 poi'tu.
446 4163 583 4218 Solebant
604 4163 680 4216 enim
693 4172 839 4218 amatores
858 4181 910 4234 per
928 4162 1072 4228 nutrices,
1093 4163 1232 4228 ancillas,
1242 4161 1383 4235 famulos
1402 4167 1562 4222 sollicitare

330 4255 440 4308 amicas
460 4269 549 4315 suess
581 4250 718 4317 tabellis,
738 4270 821 4326 prece
847 4253 969 4326 supplici
989 4262 1016 4307 et
1037 4253 1170 4330 obsequia
1205 4255 1335 4324 ambire3
1354 4269 1452 4326 postes
1473 4270 1561 4314 noctu

330 4345 446 4402 corollis
465 4352 493 4397 et
513 4343 596 4398 sertis
622 4361 747 4410 orruere5
769 4351 856 4400 cantu
888 4343 1028 4412 delinire3
1064 4343 1186 4420 querelis
1210 4345 1381 4417 inrplorare3
1408 4353 1437 4402 tu
1459 4351 1559 4406 liticine

333 4445 523 4511 pernoctare,
543 4433 710 4511 lacrymas,
731 4436 846 4502 vinum,
867 4453 973 4510 nquam
993 4433 1035 4489 ud
1051 4435 1163 4508 januae
1177 4437 1310 4496 cardines
1330 4439 1484 4514 effundere
1502 4455 1561 4499 etc.
