3266 5250
1165 295 1245 411 337

608 479 844 551 DELLE

313 659 1139 818 METAMORFOSI

492 930 953 1047 D'Ovlnlo

458 1139 591 1208 muno
614 1137 962 1233 onemoQunwo

443 1307 489 1390 A
507 1309 543 1392 R
564 1306 605 1392 G
625 1308 665 1394 0
683 1307 803 1394 ME
822 1309 875 1394 Ν
886 1306 930 1390 T
943 1307 994 1393 Ο.
1124 1329 1140 1392 s

112 1452 233 1646 Le
244 1566 393 1672 piem,
411 1564 579 1664 l’alme,
599 1566 812 1672 Euforho,
831 1566 869 1646 il
881 1583 1015 1676 tempo
1033 1598 1056 1648 e
1074 1569 1105 1648 l·
1112 1567 1243 1672 ande,

141 1673 218 1760 Gli
231 1677 389 1791 soogli,
406 1679 426 1760 i
441 1680 573 1759 monti
587 1678 695 1791 egli
712 1679 891 1762 animali
905 1679 990 1760 Itan
997 1679 1143 1789 forma

136 1790 316 1875 Diversa
325 1831 337 1886 ;
356 1821 379 1872 e
397 1793 444 1874 in
462 1790 528 1873 lor
544 1793 659 1876 virile
678 1794 796 1875 varia
815 1792 1056 1878 s’asconde6

137 1903 191 1986 In
214 1903 359 1985 Virbio
377 1903 415 1983 il
424 1899 591 2016 grande
610 1905 791 2013 Ippolito
808 1907 850 1988 si
856 1907 1019 2010 forma:

138 2016 323 2126 Infante
341 2013 519 2128 Egeria,
538 2045 561 2094 e
580 2044 709 2097 nasce
727 2017 773 2096 in
792 2017 900 2100 zolle
919 2015 1128 2100 immonde

138 2127 184 2210 T
177 2142 293 2240 egete
298 2167 311 2222 ;
332 2129 377 2208 in
390 2131 541 2238 pianta
560 2132 733 2208 un’asta
752 2131 794 2209 si
810 2129 1049 2232 trasforma.

141 2236 269 2349 Gippo
287 2239 342 2320 Ιια
362 2257 542 2324 comula
561 2239 606 2322 la
624 2268 703 2322 sua
710 2241 857 2348 fronte
873 2239 1009 2330 bella:

137 2351 300 2437 Divien
317 2380 433 2462 serpe
450 2349 688 2462 Esculapio
706 2383 729 2432 e
750 2353 896 2436 Giulio
913 2352 1050 2436 stella.

706 2495 720 2547 1

103 2481 296 2660 poich&
314 2598 469 2688 passato
488 2573 524 2658 al
545 2603 620 2659 suo
640 2575 749 2658 viver
768 2575 947 2662 secondo

101 2687 141 2770 F
145 2719 169 2769 u
190 2686 217 2768 il
236 2689 369 2800 primo
387 2711 503 2772 autor
523 2686 587 2768 del
609 2714 704 2796 gran
724 2717 844 2771 nome
863 2687 1071 2786 Romano,

103 2800 221 2884 D'un
245 2829 342 2882 nom
362 2800 531 2886 cercossi
552 2798 698 2882 idoneo
718 2827 741 2880 a
761 2823 872 2884 tanto
891 2799 1051 2911 pondo,

104 2912 183 2995 Per
202 2910 435 3024 confidargli
455 2913 483 2995 il
503 2913 612 3022 regio
631 2931 776 2994 scettro
795 2911 839 2992 in
859 2939 999 2998 mano:

103 3023 167 3108 La
187 3023 294 3108 sama
313 3023 520 3110 celebrava
540 3024 640 3108 allor
660 3022 722 3106 nel
743 3021 898 3108 mondo

101 3139 181 3222 Per
199 3137 272 3248 pin
291 3139 424 3248 saggio
446 3169 543 3223 uom
564 3137 763 3220 ch’avesse
783 3134 811 3217 il
833 3163 966 3245 germe
985 3165 1153 3240 umann,

105 3249 244 3333 Numa
263 3251 487 3360 Pompilio,
507 3252 534 3334 il
556 3248 653 3364 qual
675 3276 830 3360 nacque
850 3246 1021 3346 sabino,

104 3363 163 3446 Di
182 3361 306 3476 spirto
326 3391 434 3464 raro,
454 3363 634 3474 angelico
653 3390 676 3442 e
695 3358 846 3444 divino.

707 3499 731 3554 2

135 3637 138 3642 ·
165 3585 259 3672 Cos}
278 3611 446 3699 purgato
465 3586 554 3670 ebb’
562 3587 600 3669 ei
618 3585 642 3666 l’
651 3585 804 3670 interno
824 3584 955 3685 lume,

105 3701 193 3786 Che
213 3729 310 3812 pose
330 3701 423 3810 ogni
443 3729 517 3785 suo
537 3696 692 3796 studio,
712 3696 806 3806 ogni
826 3723 896 3780 sua
917 3725 1011 3780 cura
1072 3771 1075 3779 .

102 3813 200 3898 Non
220 3812 278 3898 sol
299 3813 362 3895 nel
383 3813 452 3923 pio
472 3811 637 3924 politico
659 3831 860 3911 costum,

102 3929 177 4010 Ma
197 3927 238 4008 in
258 3925 322 4008 cio
341 3921 582 4010 ch’asconde
601 3923 667 4004 all’
681 3949 778 4005 uom
798 3921 821 4004 l’
835 3922 939 4004 alma
958 3944 1116 4028 natura3

103 4035 226 4126 Onde
246 4037 282 4122 la
302 4039 478 4151 pioggia‚
498 4038 524 4118 il
546 4035 633 4146 gel,
653 4035 690 4116 la
712 4063 810 4116 neve
830 4065 851 4117 e
871 4034 894 4115 Ἰ
914 4032 1039 4118 fiume

103 4151 233 4236 Nasca
249 4216 260 4251 ,
279 4149 331 4233 ed
350 4152 443 4262 ogni
464 4151 558 4234 altra
579 4148 729 4258 origine
749 4147 821 4259 pi1'1
839 4174 977 4235 scura:

98 4265 210 4376 Ogni
229 4292 304 4347 suo
324 4263 459 4350 studio
482 4262 560 4374 egli
581 4264 621 4345 in
642 4289 830 4344 conoscer
849 4288 946 4371 pose

98 4377 164 4463 La
183 4400 325 4461 natura
345 4400 523 4492 nascosta
541 4398 654 4460 entro
674 4372 749 4456 alle
769 4399 873 4456 cose.

171 4506 311 4578 Metam.
336 4505 413 4582 Vol.
437 4505 479 4579 V.
