3316 5246
420 295 495 384 188
750 327 1114 390 novmunssoms

330 445 525 532 Dextera
537 446 798 558 perferrum,
811 445 948 556 pietas
965 466 1152 558 spectatu
1165 479 1244 560 per
1258 452 1390 564 ignes.

332 560 449 644 Pone
465 576 621 651 tumen,
642 559 846 672 Trosque,
864 577 1031 649 metum:
1045 567 1201 673 potiere
1212 565 1376 674 petitis,
1461 592 1533 648 110

332 669 591 782 Elysiasque
608 669 772 771 clamos,
790 687 829 752 et
847 701 978 786 regna
997 677 1219 760 novissima
1236 671 1384 758 mundi

333 781 534 870 Menace
552 812 796 898 cognosces,
815 787 1120 899 simulacraque
1138 817 1239 872 caru
1250 789 1454 897 parentis.

334 897 453 980 Invia
470 898 610 981 virtuti
626 897 742 979 nulla
760 913 822 978 est
838 901 935 1000 via3
956 897 1092 987 dixit:
1111 917 1151 983 et
1168 932 1270 984 auro

334 1008 582 1123 Fulgentem
599 1011 879 1095 ramumsilou
897 1011 1077 1096 Junonis
1096 1015 1295 1096 Auernae
1607 1109 1609 1114 ¹

336 1118 589 1207 Monstravit
603 1185 612 1220 ‚
622 1122 832 1236 jussitque
849 1150 924 1205 suo
942 1123 1148 1207 devellere
1165 1144 1321 1210 trunco.
1463 1125 1538 1213 115

337 1234 490 1316 Paruit
507 1233 682 1318 AEneas:
702 1252 743 1316 et
749 1233 1036 1343 formidabilis
1057 1238 1163 1322 Orci

341 1344 462 1432 Vidit
477 1374 591 1456 opes,
609 1363 840 1458 atavosque
857 1377 975 1446 suos,
1000 1353 1260 1463 umbramque
1277 1353 1444 1436 senilem

337 1456 610 1572 Magnanimi
624 1459 852 1544 Anchisae:
871 1459 1024 1546 didicit
1042 1491 1201 1575 quoque
1208 1463 1313 1576 jura
1330 1467 1535 1568 laconum,

388 3969 448 4006 tn.
458 3947 621 4008 Novissime.
640 3951 708 4017 Ima,
719 3947 751 4006 id
762 3959 815 4018 est,
830 3949 948 4024 inseras.
960 3945 1095 4027 Namque
1116 3969 1277 4026 supremum
1289 3949 1392 4008 mundi
1413 3969 1545 4028 regnum,

330 4047 373 4096 est
391 4039 522 4112 coelum3
541 4038 678 4109 medium,
698 4051 777 4098 terra
796 4061 859 4098 cum
879 4045 981 4119 aquis:
1004 4043 1155 4112 ultimum,
1173 4041 1272 4117 inseri.

389 4155 450 4190 m.
470 4133 678 4212 simulacraque
698 4136 782 4196 chora
801 4134 934 4214 parentis.
953 4136 1016 4193 Hoc
1034 4155 1072 4192 ex
1090 4155 1189 4193 earum
1208 4137 1340 4210 opinione
1360 4137 1467 4194 dictum
1489 4146 1545 4205 est,

329 4227 378 4303 qut
395 4225 481 4302 ajunt
500 4228 638 4284 hominem
656 4248 694 4286 ee
712 4229 803 4286 tribus
829 4237 984 4297 constare,
1005 4231 1125 4296 anima,
1144 4247 1285 4304 corpore,
1304 4237 1332 4284 et
1359 4227 1548 4285 simulacione

329 4320 518 4395 Animumque
536 4321 647 4379 caelum
666 4331 780 4397 petere,
798 4339 902 4398 corpus
921 4319 1003 4379 reddi
1023 4331 1136 4394 terrae,
1154 4321 1357 4380 simulachrum
1376 4321 1417 4378 ael
1437 4321 1548 4398 inferos

330 4410 509 4470 descendere.
595 4423 599 4434 ‘
